trade_id,settlement_date,trade_time,trade_type,bond_type,bond_name,seller,seller_trader,buyer,buyer_trader,net_price,yield_rate,nominal_amount,settlement_amount,trade_date
TR577770,2023-03-24,2023-03-24 13:15:32,RFQ,国债,债券B,机构A,交易员3,机构D,交易员5,104.89,3.21,2150,2255.14,2023-03-24
TR265170,2023-04-05,2023-04-05 10:52:41,Negotiate,政策性金融债,债券B,机构C,交易员1,机构D,交易员1,96.02,3.0,6333,6080.95,2023-04-05
TR539141,2023-12-24,2023-12-24 13:46:31,RFQ,企业债,债券C,机构B,交易员2,机构C,交易员2,98.3,4.93,5144,5056.55,2023-12-24
TR541984,2023-07-09,2023-07-09 16:05:06,RFQ,政策性金融债,债券C,机构B,交易员1,机构E,交易员4,104.19,3.63,3378,3519.54,2023-07-09
TR443244,2023-11-12,2023-11-12 12:42:39,RFQ,企业债,债券D,机构C,交易员1,机构D,交易员1,101.29,3.56,5866,5941.67,2023-11-12
TR153079,2023-12-15,2023-12-15 15:29:20,Negotiate,政策性金融债,债券A,机构D,交易员3,机构B,交易员3,96.41,3.41,2042,1968.69,2023-12-15
TR290820,2023-10-22,2023-10-22 09:34:45,Negotiate,企业债,债券C,机构C,交易员2,机构A,交易员5,100.13,3.2,4501,4506.85,2023-10-22
TR950478,2023-04-30,2023-04-30 09:13:25,Negotiate,国债,债券C,机构E,交易员2,机构A,交易员2,96.39,3.84,2367,2281.55,2023-04-30
TR813996,2023-06-03,2023-06-03 15:22:51,RFQ,政策性金融债,债券E,机构C,交易员5,机构B,交易员4,104.78,3.31,1759,1843.08,2023-06-03
TR446755,2023-06-07,2023-06-07 11:26:37,Negotiate,国债,债券B,机构E,交易员5,机构D,交易员1,101.28,2.95,3100,3139.68,2023-06-07
TR794822,2023-11-13,2023-11-13 15:58:44,RFQ,国债,债券C,机构E,交易员2,机构A,交易员5,95.83,3.11,2271,2176.3,2023-11-13
TR932174,2023-06-28,2023-06-28 15:53:16,Negotiate,政策性金融债,债券E,机构A,交易员1,机构E,交易员3,99.26,4.07,2345,2327.65,2023-06-28
TR751099,2023-03-11,2023-03-11 10:55:03,RFQ,政策性金融债,债券B,机构C,交易员4,机构E,交易员3,100.37,4.5,3119,3130.54,2023-03-11
TR833200,2023-12-12,2023-12-12 16:30:27,RFQ,企业债,债券E,机构B,交易员5,机构A,交易员2,97.59,4.87,1298,1266.72,2023-12-12
TR482353,2023-07-02,2023-07-02 13:39:11,Negotiate,国债,债券C,机构A,交易员1,机构E,交易员3,102.43,4.24,9553,9785.14,2023-07-02
TR573054,2023-11-30,2023-11-30 12:19:01,RFQ,企业债,债券A,机构E,交易员3,机构D,交易员3,95.42,3.54,8903,8495.24,2023-11-30
TR680840,2023-11-22,2023-11-22 12:57:23,Negotiate,政策性金融债,债券D,机构C,交易员2,机构D,交易员5,98.9,2.56,8320,8228.48,2023-11-22
TR310425,2023-01-23,2023-01-23 16:21:07,Negotiate,国债,债券C,机构D,交易员4,机构A,交易员5,96.83,3.21,5504,5329.52,2023-01-23
TR525301,2023-05-29,2023-05-29 10:54:52,RFQ,政策性金融债,债券B,机构B,交易员5,机构D,交易员5,99.31,3.2,7122,7072.86,2023-05-29
TR715649,2023-12-07,2023-12-07 14:13:11,Negotiate,政策性金融债,债券D,机构D,交易员5,机构B,交易员3,103.81,3.49,5628,5842.43,2023-12-07
TR750202,2023-07-20,2023-07-20 09:20:21,RFQ,企业债,债券D,机构A,交易员1,机构D,交易员4,100.79,3.68,8909,8979.38,2023-07-20
TR925315,2023-08-21,2023-08-21 10:04:39,Negotiate,企业债,债券C,机构A,交易员1,机构E,交易员1,99.72,3.1,3459,3449.31,2023-08-21
TR443980,2023-05-02,2023-05-02 16:11:42,RFQ,政策性金融债,债券A,机构B,交易员1,机构D,交易员3,101.87,4.7,7598,7740.08,2023-05-02
TR774668,2023-05-30,2023-05-30 11:15:22,RFQ,国债,债券E,机构B,交易员4,机构D,交易员3,103.89,3.18,3991,4146.25,2023-05-30
TR688557,2023-07-12,2023-07-12 09:25:19,RFQ,企业债,债券E,机构E,交易员1,机构A,交易员3,102.1,4.16,3333,3402.99,2023-07-12
TR616172,2023-10-30,2023-10-30 16:28:16,Negotiate,企业债,债券E,机构A,交易员3,机构D,交易员5,103.64,3.48,6684,6927.3,2023-10-30
TR361620,2023-02-15,2023-02-15 09:58:30,RFQ,企业债,债券C,机构A,交易员4,机构E,交易员1,97.39,4.4,6272,6108.3,2023-02-15
TR815418,2023-10-02,2023-10-02 16:52:32,Negotiate,政策性金融债,债券B,机构D,交易员5,机构B,交易员1,95.81,2.71,9740,9331.89,2023-10-02
TR682926,2023-06-02,2023-06-02 14:52:39,RFQ,政策性金融债,债券A,机构D,交易员3,机构C,交易员3,103.61,2.64,5466,5663.32,2023-06-02
TR304420,2023-01-03,2023-01-03 16:25:01,RFQ,政策性金融债,债券C,机构E,交易员2,机构B,交易员5,99.36,3.86,6303,6262.66,2023-01-03
TR883452,2023-02-21,2023-02-21 13:49:43,RFQ,政策性金融债,债券C,机构D,交易员3,机构B,交易员5,98.53,4.83,9491,9351.48,2023-02-21
TR671784,2023-03-12,2023-03-12 12:28:38,RFQ,企业债,债券D,机构E,交易员4,机构D,交易员4,101.37,4.91,9050,9173.99,2023-03-12
TR216870,2023-12-05,2023-12-05 16:23:19,Negotiate,国债,债券D,机构A,交易员2,机构E,交易员2,95.76,3.15,3594,3441.61,2023-12-05
TR585497,2023-08-31,2023-08-31 09:10:45,Negotiate,国债,债券B,机构C,交易员5,机构B,交易员3,95.98,2.56,2822,2708.56,2023-08-31
TR584227,2023-03-23,2023-03-23 16:07:16,Negotiate,企业债,债券E,机构C,交易员3,机构D,交易员4,100.79,3.84,5692,5736.97,2023-03-23
TR544949,2023-12-26,2023-12-26 13:25:49,RFQ,企业债,债券C,机构E,交易员4,机构C,交易员5,104.7,3.98,2983,3123.2,2023-12-26
TR482481,2023-08-21,2023-08-21 09:53:37,RFQ,政策性金融债,债券B,机构E,交易员1,机构D,交易员1,95.14,3.89,3818,3632.45,2023-08-21
TR337999,2023-02-22,2023-02-22 15:46:25,Negotiate,国债,债券D,机构A,交易员5,机构D,交易员1,99.49,2.86,2403,2390.74,2023-02-22
TR770414,2023-02-26,2023-02-26 14:08:11,RFQ,企业债,债券A,机构A,交易员3,机构D,交易员4,104.94,3.89,5443,5711.88,2023-02-26
TR389098,2023-12-26,2023-12-26 09:30:03,Negotiate,国债,债券C,机构B,交易员5,机构C,交易员1,100.64,4.95,3688,3711.6,2023-12-26
TR877138,2023-06-02,2023-06-02 11:25:03,Negotiate,企业债,债券C,机构B,交易员5,机构A,交易员4,101.41,3.51,7990,8102.66,2023-06-02
TR790408,2023-07-24,2023-07-24 13:36:24,RFQ,企业债,债券A,机构E,交易员1,机构A,交易员2,99.05,3.85,1921,1902.75,2023-07-24
TR293542,2023-01-22,2023-01-22 11:02:51,RFQ,政策性金融债,债券B,机构D,交易员4,机构E,交易员3,95.87,3.77,4216,4041.88,2023-01-22
TR962450,2023-05-27,2023-05-27 15:54:56,Negotiate,国债,债券E,机构B,交易员2,机构C,交易员3,95.62,3.13,2156,2061.57,2023-05-27
TR410847,2023-01-26,2023-01-26 13:07:08,RFQ,国债,债券D,机构D,交易员1,机构B,交易员3,103.14,3.29,9407,9702.38,2023-01-26
TR692814,2023-10-30,2023-10-30 16:15:40,RFQ,企业债,债券B,机构B,交易员5,机构E,交易员4,97.91,4.64,2335,2286.2,2023-10-30
TR964249,2023-02-15,2023-02-15 14:58:38,RFQ,企业债,债券D,机构E,交易员5,机构B,交易员4,103.37,4.64,9736,10064.1,2023-02-15
TR387197,2023-03-21,2023-03-21 14:36:29,RFQ,国债,债券B,机构E,交易员5,机构C,交易员4,97.32,4.12,7556,7353.5,2023-03-21
TR363274,2023-06-03,2023-06-03 15:32:04,RFQ,国债,债券B,机构A,交易员4,机构B,交易员1,103.08,3.28,4490,4628.29,2023-06-03
TR532004,2023-11-08,2023-11-08 09:14:15,Negotiate,政策性金融债,债券A,机构C,交易员2,机构B,交易员3,97.08,4.42,2493,2420.2,2023-11-08
TR435911,2023-07-11,2023-07-11 11:16:25,Negotiate,政策性金融债,债券D,机构B,交易员4,机构C,交易员1,97.92,3.9,5460,5346.43,2023-07-11
TR191433,2023-08-23,2023-08-23 13:58:51,Negotiate,政策性金融债,债券D,机构E,交易员1,机构C,交易员3,96.76,2.58,7270,7034.45,2023-08-23
TR707554,2023-09-04,2023-09-04 12:25:00,RFQ,政策性金融债,债券C,机构A,交易员4,机构B,交易员1,100.97,3.65,5928,5985.5,2023-09-04
TR146745,2023-04-05,2023-04-05 13:23:01,RFQ,国债,债券B,机构B,交易员2,机构C,交易员5,103.52,2.87,7549,7814.72,2023-04-05
TR161284,2023-06-19,2023-06-19 13:08:30,Negotiate,国债,债券D,机构C,交易员2,机构D,交易员3,97.05,2.9,2952,2864.92,2023-06-19
TR921352,2023-04-15,2023-04-15 12:17:10,RFQ,国债,债券D,机构E,交易员1,机构C,交易员5,101.01,4.48,9285,9378.78,2023-04-15
TR833896,2023-05-26,2023-05-26 15:49:37,RFQ,政策性金融债,债券C,机构A,交易员1,机构D,交易员4,104.19,4.84,8681,9044.73,2023-05-26
TR952475,2023-05-30,2023-05-30 10:34:11,Negotiate,企业债,债券E,机构D,交易员4,机构B,交易员3,95.24,4.11,2337,2225.76,2023-05-30
TR557523,2023-01-03,2023-01-03 10:26:41,RFQ,国债,债券C,机构E,交易员3,机构A,交易员4,102.22,3.28,9494,9704.77,2023-01-03
TR336288,2023-05-15,2023-05-15 15:59:53,RFQ,企业债,债券A,机构E,交易员1,机构C,交易员1,95.9,3.8,6371,6109.79,2023-05-15
TR969884,2023-06-04,2023-06-04 09:18:19,Negotiate,企业债,债券B,机构E,交易员5,机构B,交易员1,103.18,4.71,6341,6542.64,2023-06-04
TR918552,2023-09-19,2023-09-19 12:40:45,Negotiate,企业债,债券B,机构A,交易员2,机构C,交易员5,101.73,3.23,9161,9319.49,2023-09-19
TR891173,2023-11-21,2023-11-21 12:46:25,RFQ,国债,债券B,机构A,交易员2,机构E,交易员1,104.3,3.58,8054,8400.32,2023-11-21
TR975264,2023-09-09,2023-09-09 11:53:34,Negotiate,企业债,债券E,机构E,交易员1,机构C,交易员3,96.33,4.79,4962,4779.89,2023-09-09
TR631817,2023-01-20,2023-01-20 16:22:30,RFQ,政策性金融债,债券A,机构D,交易员1,机构B,交易员2,97.17,3.72,6056,5884.62,2023-01-20
TR738929,2023-05-03,2023-05-03 13:23:57,RFQ,国债,债券B,机构D,交易员1,机构E,交易员1,97.41,3.15,6955,6774.87,2023-05-03
TR920843,2023-01-04,2023-01-04 10:05:35,RFQ,政策性金融债,债券E,机构B,交易员5,机构E,交易员3,97.69,4.67,9543,9322.56,2023-01-04
TR689683,2023-02-06,2023-02-06 14:57:27,Negotiate,政策性金融债,债券B,机构B,交易员2,机构C,交易员4,96.46,3.16,5450,5257.07,2023-02-06
TR653710,2023-03-13,2023-03-13 16:43:21,Negotiate,政策性金融债,债券D,机构B,交易员1,机构C,交易员4,104.06,4.8,3348,3483.93,2023-03-13
TR178964,2023-07-05,2023-07-05 13:31:35,Negotiate,企业债,债券E,机构A,交易员5,机构C,交易员1,96.62,3.73,1923,1858.0,2023-07-05
TR705848,2023-09-14,2023-09-14 10:55:30,Negotiate,企业债,债券D,机构C,交易员1,机构D,交易员1,96.72,4.82,1731,1674.22,2023-09-14
TR367423,2023-12-17,2023-12-17 15:30:02,RFQ,国债,债券C,机构B,交易员5,机构E,交易员5,104.73,3.1,4072,4264.61,2023-12-17
TR586516,2023-09-13,2023-09-13 13:23:52,Negotiate,企业债,债券E,机构E,交易员5,机构D,交易员2,95.53,3.0,7249,6924.97,2023-09-13
TR662318,2023-02-26,2023-02-26 09:55:45,Negotiate,企业债,债券A,机构A,交易员4,机构E,交易员3,101.02,3.68,1918,1937.56,2023-02-26
TR215381,2023-08-29,2023-08-29 15:50:34,RFQ,企业债,债券A,机构E,交易员2,机构B,交易员5,100.15,3.24,1358,1360.04,2023-08-29
TR835496,2023-05-04,2023-05-04 14:08:00,Negotiate,企业债,债券A,机构C,交易员3,机构A,交易员3,104.23,4.73,5389,5616.95,2023-05-04
TR637576,2023-06-08,2023-06-08 14:45:37,RFQ,国债,债券A,机构D,交易员2,机构B,交易员2,97.39,3.74,9062,8825.48,2023-06-08
TR765219,2023-08-12,2023-08-12 14:41:52,Negotiate,企业债,债券A,机构A,交易员3,机构C,交易员4,96.79,4.21,9497,9192.15,2023-08-12
TR571878,2023-06-12,2023-06-12 10:51:25,RFQ,企业债,债券B,机构E,交易员4,机构C,交易员5,100.06,3.06,1659,1660.0,2023-06-12
TR801080,2023-02-02,2023-02-02 14:32:26,RFQ,企业债,债券D,机构A,交易员2,机构C,交易员4,98.3,4.2,5812,5713.2,2023-02-02
TR612788,2023-09-09,2023-09-09 16:28:59,RFQ,政策性金融债,债券A,机构D,交易员4,机构E,交易员5,99.16,2.71,6026,5975.38,2023-09-09
TR297106,2023-10-11,2023-10-11 13:29:36,Negotiate,政策性金融债,债券C,机构B,交易员5,机构C,交易员1,96.18,3.49,7553,7264.48,2023-10-11
TR445770,2023-01-03,2023-01-03 10:36:29,Negotiate,企业债,债券B,机构D,交易员2,机构A,交易员5,101.73,3.44,8838,8990.9,2023-01-03
TR916708,2023-10-18,2023-10-18 10:20:28,RFQ,企业债,债券A,机构D,交易员1,机构E,交易员5,104.81,3.85,5806,6085.27,2023-10-18
TR788401,2023-07-29,2023-07-29 15:59:34,RFQ,政策性金融债,债券D,机构E,交易员4,机构D,交易员3,99.19,3.35,8558,8488.68,2023-07-29
TR498497,2023-10-07,2023-10-07 13:06:37,Negotiate,政策性金融债,债券E,机构D,交易员4,机构B,交易员4,101.64,2.88,8228,8362.94,2023-10-07
TR546664,2023-12-19,2023-12-19 13:31:27,RFQ,国债,债券B,机构B,交易员4,机构A,交易员2,104.81,3.12,9671,10136.18,2023-12-19
TR465190,2023-09-03,2023-09-03 10:57:51,Negotiate,政策性金融债,债券D,机构E,交易员5,机构D,交易员3,95.37,3.3,3199,3050.89,2023-09-03
TR872842,2023-08-26,2023-08-26 09:54:13,Negotiate,政策性金融债,债券E,机构D,交易员2,机构C,交易员3,95.79,3.07,1343,1286.46,2023-08-26
TR821414,2023-10-26,2023-10-26 12:45:47,RFQ,企业债,债券C,机构D,交易员5,机构A,交易员4,100.44,4.17,2528,2539.12,2023-10-26
TR554696,2023-11-02,2023-11-02 13:47:29,RFQ,国债,债券D,机构D,交易员2,机构B,交易员5,97.65,3.05,6594,6439.04,2023-11-02
TR963455,2023-09-05,2023-09-05 14:16:34,RFQ,政策性金融债,债券C,机构C,交易员2,机构B,交易员5,103.87,3.33,6481,6731.81,2023-09-05
TR712898,2023-11-23,2023-11-23 11:24:09,Negotiate,企业债,债券A,机构E,交易员5,机构A,交易员3,96.28,2.99,1472,1417.24,2023-11-23
TR648556,2023-08-04,2023-08-04 15:42:37,RFQ,国债,债券C,机构C,交易员2,机构E,交易员1,97.19,2.7,4429,4304.55,2023-08-04
TR187347,2023-07-29,2023-07-29 14:13:32,Negotiate,企业债,债券D,机构B,交易员3,机构A,交易员1,100.48,3.7,9487,9532.54,2023-07-29
TR720272,2023-01-05,2023-01-05 10:30:53,RFQ,政策性金融债,债券B,机构B,交易员2,机构D,交易员4,95.0,2.74,8809,8368.55,2023-01-05
TR370099,2023-09-07,2023-09-07 12:46:16,Negotiate,国债,债券A,机构D,交易员3,机构B,交易员1,104.16,4.36,9331,9719.17,2023-09-07
TR578407,2023-11-04,2023-11-04 10:03:17,RFQ,政策性金融债,债券A,机构B,交易员5,机构C,交易员3,99.64,2.62,2984,2973.26,2023-11-04
TR860796,2023-09-19,2023-09-19 14:50:21,Negotiate,国债,债券B,机构C,交易员3,机构D,交易员2,102.04,2.73,3677,3752.01,2023-09-19
TR127167,2023-11-10,2023-11-10 10:09:52,RFQ,国债,债券A,机构B,交易员3,机构A,交易员5,97.66,4.0,3228,3152.46,2023-11-10
TR543097,2023-02-07,2023-02-07 09:13:08,Negotiate,政策性金融债,债券B,机构D,交易员1,机构C,交易员5,95.37,4.92,9351,8918.05,2023-02-07
TR759202,2023-04-30,2023-04-30 15:33:50,Negotiate,企业债,债券D,机构A,交易员3,机构D,交易员2,102.0,3.55,1712,1746.24,2023-04-30
TR264246,2023-06-25,2023-06-25 10:20:11,Negotiate,企业债,债券C,机构A,交易员1,机构D,交易员3,98.2,3.99,7013,6886.77,2023-06-25
TR677125,2023-05-27,2023-05-27 16:35:34,Negotiate,国债,债券A,机构B,交易员4,机构A,交易员5,99.42,4.3,5816,5782.27,2023-05-27
TR919400,2023-02-23,2023-02-23 12:40:27,Negotiate,企业债,债券D,机构A,交易员1,机构B,交易员5,99.52,4.61,6794,6761.39,2023-02-23
TR909318,2023-09-10,2023-09-10 13:59:11,Negotiate,企业债,债券C,机构C,交易员2,机构D,交易员2,102.87,4.55,9914,10198.53,2023-09-10
TR460964,2023-11-03,2023-11-03 11:54:42,Negotiate,企业债,债券B,机构E,交易员1,机构B,交易员1,103.4,2.76,7571,7828.41,2023-11-03
TR421308,2023-08-15,2023-08-15 14:15:02,RFQ,国债,债券D,机构A,交易员3,机构D,交易员4,96.67,4.81,6518,6300.95,2023-08-15
TR795736,2023-08-12,2023-08-12 14:16:49,Negotiate,企业债,债券A,机构C,交易员3,机构B,交易员5,96.96,4.71,9458,9170.48,2023-08-12
TR972106,2023-01-24,2023-01-24 09:04:09,RFQ,国债,债券C,机构E,交易员3,机构C,交易员1,99.17,2.62,3130,3104.02,2023-01-24
TR198033,2023-04-22,2023-04-22 13:32:07,RFQ,政策性金融债,债券D,机构D,交易员5,机构C,交易员3,103.42,4.75,6811,7043.94,2023-04-22
TR273063,2023-03-30,2023-03-30 14:26:38,Negotiate,国债,债券A,机构C,交易员2,机构D,交易员3,103.14,3.03,1626,1677.06,2023-03-30
TR564515,2023-03-17,2023-03-17 16:34:15,RFQ,国债,债券B,机构D,交易员3,机构A,交易员4,99.65,2.67,5776,5755.78,2023-03-17
TR462148,2023-03-19,2023-03-19 14:34:51,RFQ,国债,债券A,机构B,交易员3,机构E,交易员2,99.58,3.44,4629,4609.56,2023-03-19
TR965903,2023-05-05,2023-05-05 13:19:59,RFQ,企业债,债券B,机构E,交易员1,机构C,交易员2,101.22,3.59,6718,6799.96,2023-05-05
TR955840,2023-06-08,2023-06-08 10:55:21,RFQ,政策性金融债,债券D,机构D,交易员3,机构C,交易员4,97.03,4.26,7034,6825.09,2023-06-08
TR189457,2023-10-02,2023-10-02 09:02:45,RFQ,政策性金融债,债券D,机构B,交易员4,机构E,交易员3,101.61,3.01,2085,2118.57,2023-10-02
TR628536,2023-03-01,2023-03-01 13:24:31,RFQ,国债,债券C,机构C,交易员1,机构B,交易员1,99.61,2.56,3097,3084.92,2023-03-01
TR146183,2023-09-12,2023-09-12 16:06:33,Negotiate,国债,债券B,机构C,交易员5,机构B,交易员1,100.36,3.28,4965,4982.87,2023-09-12
TR492306,2023-11-03,2023-11-03 11:26:42,RFQ,政策性金融债,债券C,机构D,交易员5,机构A,交易员1,95.99,4.68,8169,7841.42,2023-11-03
TR489665,2023-08-10,2023-08-10 15:23:47,RFQ,企业债,债券D,机构A,交易员2,机构B,交易员4,104.83,3.88,4551,4770.81,2023-08-10
TR182537,2023-08-24,2023-08-24 16:04:40,RFQ,企业债,债券A,机构D,交易员3,机构E,交易员3,104.49,3.06,5180,5412.58,2023-08-24
TR681834,2023-07-17,2023-07-17 14:06:47,Negotiate,企业债,债券C,机构B,交易员2,机构E,交易员1,102.78,2.54,5899,6062.99,2023-07-17
TR801878,2023-08-10,2023-08-10 11:02:25,RFQ,企业债,债券E,机构D,交易员4,机构E,交易员5,95.32,4.5,5649,5384.63,2023-08-10
TR973749,2023-04-08,2023-04-08 09:35:11,RFQ,政策性金融债,债券C,机构B,交易员4,机构E,交易员3,101.11,4.29,5185,5242.55,2023-04-08
TR591559,2023-02-19,2023-02-19 10:50:12,RFQ,国债,债券A,机构E,交易员3,机构D,交易员5,95.18,2.63,6127,5831.68,2023-02-19
TR387614,2023-01-23,2023-01-23 11:59:53,RFQ,国债,债券B,机构C,交易员4,机构A,交易员4,102.28,4.52,2445,2500.75,2023-01-23
TR447031,2023-06-17,2023-06-17 11:05:38,Negotiate,政策性金融债,债券E,机构D,交易员5,机构C,交易员1,103.72,2.57,2283,2367.93,2023-06-17
TR878538,2023-07-07,2023-07-07 13:24:10,Negotiate,企业债,债券C,机构C,交易员4,机构E,交易员1,98.1,3.56,1662,1630.42,2023-07-07
TR253277,2023-11-27,2023-11-27 13:28:17,RFQ,政策性金融债,债券E,机构D,交易员1,机构C,交易员2,98.42,2.85,2742,2698.68,2023-11-27
TR163479,2023-12-09,2023-12-09 11:47:38,Negotiate,国债,债券A,机构B,交易员1,机构A,交易员4,103.91,4.33,5450,5663.1,2023-12-09
TR435902,2023-04-27,2023-04-27 13:36:22,RFQ,政策性金融债,债券B,机构A,交易员3,机构D,交易员4,95.86,4.86,2732,2618.9,2023-04-27
TR836712,2023-12-18,2023-12-18 09:41:27,Negotiate,企业债,债券B,机构E,交易员1,机构D,交易员5,96.84,4.77,3975,3849.39,2023-12-18
TR320661,2023-12-27,2023-12-27 12:09:34,RFQ,企业债,债券E,机构C,交易员4,机构E,交易员1,104.94,4.85,6007,6303.75,2023-12-27
TR205266,2023-07-16,2023-07-16 13:19:33,RFQ,政策性金融债,债券E,机构B,交易员5,机构D,交易员1,96.87,4.78,7296,7067.64,2023-07-16
TR501903,2023-08-23,2023-08-23 10:52:19,RFQ,政策性金融债,债券B,机构A,交易员1,机构D,交易员4,103.0,3.01,8448,8701.44,2023-08-23
TR888599,2023-04-21,2023-04-21 16:59:03,Negotiate,企业债,债券C,机构A,交易员2,机构B,交易员3,97.21,3.78,2025,1968.5,2023-04-21
TR293824,2023-07-02,2023-07-02 13:22:54,Negotiate,国债,债券C,机构A,交易员4,机构C,交易员5,101.14,4.38,5133,5191.52,2023-07-02
TR475271,2023-03-18,2023-03-18 16:45:24,RFQ,政策性金融债,债券A,机构E,交易员4,机构D,交易员5,97.43,2.77,5557,5414.19,2023-03-18
TR287797,2023-06-12,2023-06-12 13:51:15,Negotiate,企业债,债券B,机构A,交易员3,机构E,交易员1,95.0,3.5,5588,5308.6,2023-06-12
TR295373,2023-01-27,2023-01-27 12:11:57,RFQ,企业债,债券B,机构E,交易员3,机构B,交易员5,100.98,3.93,7892,7969.34,2023-01-27
TR895543,2023-03-05,2023-03-05 14:05:18,Negotiate,国债,债券C,机构B,交易员2,机构D,交易员1,97.86,3.9,4754,4652.26,2023-03-05
TR729387,2023-05-31,2023-05-31 13:22:20,RFQ,国债,债券D,机构D,交易员3,机构E,交易员1,97.37,4.17,8995,8758.43,2023-05-31
TR430419,2023-10-07,2023-10-07 11:21:45,Negotiate,国债,债券B,机构B,交易员4,机构A,交易员2,101.56,3.11,9006,9146.49,2023-10-07
TR882871,2023-02-14,2023-02-14 09:06:06,RFQ,国债,债券A,机构C,交易员1,机构D,交易员4,99.04,4.35,9425,9334.52,2023-02-14
TR332588,2023-06-18,2023-06-18 10:58:46,RFQ,国债,债券C,机构B,交易员3,机构E,交易员1,96.41,3.39,1835,1769.12,2023-06-18
TR276286,2023-09-03,2023-09-03 15:29:10,RFQ,国债,债券B,机构A,交易员5,机构E,交易员3,103.78,2.72,8182,8491.28,2023-09-03
TR796425,2023-06-24,2023-06-24 16:43:45,Negotiate,企业债,债券D,机构E,交易员2,机构C,交易员4,104.08,3.29,7297,7594.72,2023-06-24
TR124572,2023-03-14,2023-03-14 15:13:33,RFQ,政策性金融债,债券D,机构D,交易员5,机构A,交易员1,103.86,3.87,8833,9173.95,2023-03-14
TR991572,2023-08-30,2023-08-30 12:27:43,Negotiate,企业债,债券B,机构C,交易员2,机构A,交易员3,104.19,4.91,9395,9788.65,2023-08-30
TR348424,2023-08-18,2023-08-18 14:58:19,RFQ,企业债,债券A,机构B,交易员1,机构D,交易员3,103.82,2.9,4570,4744.57,2023-08-18
TR214363,2023-04-17,2023-04-17 16:43:14,RFQ,国债,债券B,机构E,交易员2,机构B,交易员1,95.26,2.92,6836,6511.97,2023-04-17
TR495706,2023-06-27,2023-06-27 13:56:39,RFQ,国债,债券E,机构C,交易员2,机构B,交易员4,102.78,3.89,6636,6820.48,2023-06-27
TR430138,2023-01-03,2023-01-03 15:30:50,Negotiate,企业债,债券D,机构C,交易员5,机构D,交易员1,101.24,4.71,4662,4719.81,2023-01-03
TR957995,2023-12-30,2023-12-30 12:15:21,Negotiate,国债,债券B,机构A,交易员4,机构C,交易员4,101.87,4.55,6733,6858.91,2023-12-30
TR870338,2023-05-20,2023-05-20 10:10:32,RFQ,政策性金融债,债券C,机构A,交易员3,机构D,交易员2,100.55,4.42,9298,9349.14,2023-05-20
TR142737,2023-03-19,2023-03-19 12:22:05,Negotiate,政策性金融债,债券A,机构C,交易员3,机构E,交易员4,96.65,4.64,8214,7938.83,2023-03-19
TR868335,2023-09-26,2023-09-26 15:08:04,RFQ,企业债,债券A,机构C,交易员1,机构B,交易员1,100.01,3.76,1950,1950.19,2023-09-26
TR128689,2023-05-11,2023-05-11 15:36:43,RFQ,企业债,债券C,机构E,交易员3,机构C,交易员5,99.84,4.57,4082,4075.47,2023-05-11
TR328821,2023-12-05,2023-12-05 14:23:49,RFQ,国债,债券B,机构C,交易员1,机构A,交易员1,103.77,2.52,8375,8690.74,2023-12-05
TR392541,2023-07-03,2023-07-03 12:49:05,Negotiate,政策性金融债,债券D,机构E,交易员1,机构B,交易员2,95.29,4.07,7870,7499.32,2023-07-03
TR695704,2023-04-12,2023-04-12 13:32:41,RFQ,政策性金融债,债券C,机构C,交易员1,机构A,交易员2,104.53,4.87,1090,1139.38,2023-04-12
TR169993,2023-07-10,2023-07-10 11:17:43,Negotiate,政策性金融债,债券D,机构B,交易员5,机构E,交易员5,96.87,4.94,4724,4576.14,2023-07-10
TR228442,2023-12-30,2023-12-30 09:19:08,RFQ,国债,债券C,机构E,交易员5,机构A,交易员1,95.32,4.57,6437,6135.75,2023-12-30
TR876373,2023-03-18,2023-03-18 13:31:16,Negotiate,政策性金融债,债券A,机构D,交易员4,机构B,交易员3,100.14,2.98,4954,4960.94,2023-03-18
TR795624,2023-03-05,2023-03-05 10:58:17,RFQ,国债,债券A,机构D,交易员4,机构B,交易员2,101.11,4.36,4832,4885.64,2023-03-05
TR392922,2023-02-12,2023-02-12 14:14:55,RFQ,国债,债券C,机构A,交易员4,机构C,交易员1,104.93,3.97,7496,7865.55,2023-02-12
TR387894,2023-01-01,2023-01-01 09:17:48,Negotiate,企业债,债券A,机构E,交易员2,机构B,交易员4,98.5,4.43,6191,6098.14,2023-01-01
TR129890,2023-09-12,2023-09-12 13:15:47,RFQ,企业债,债券B,机构E,交易员5,机构C,交易员2,95.01,3.02,1729,1642.72,2023-09-12
TR355469,2023-10-06,2023-10-06 13:53:31,RFQ,国债,债券A,机构D,交易员2,机构A,交易员2,96.4,4.06,1387,1337.07,2023-10-06
TR223169,2023-03-05,2023-03-05 14:33:09,RFQ,国债,债券A,机构E,交易员5,机构C,交易员3,101.64,3.47,9906,10068.46,2023-03-05
TR877517,2023-08-26,2023-08-26 10:28:57,Negotiate,国债,债券D,机构B,交易员1,机构A,交易员4,103.49,4.64,2180,2256.08,2023-08-26
TR942890,2023-12-06,2023-12-06 09:33:50,Negotiate,企业债,债券A,机构A,交易员4,机构D,交易员1,102.92,4.35,1539,1583.94,2023-12-06
TR312949,2023-05-14,2023-05-14 09:00:53,RFQ,国债,债券D,机构A,交易员4,机构E,交易员2,103.24,2.65,3347,3455.44,2023-05-14
TR212607,2023-03-27,2023-03-27 12:47:38,RFQ,政策性金融债,债券A,机构B,交易员5,机构D,交易员3,96.25,2.7,9912,9540.3,2023-03-27
TR221364,2023-01-14,2023-01-14 12:51:56,RFQ,企业债,债券E,机构B,交易员4,机构A,交易员3,99.96,4.56,5251,5248.9,2023-01-14
TR462301,2023-09-02,2023-09-02 11:16:21,RFQ,国债,债券A,机构D,交易员1,机构B,交易员1,98.42,3.6,2279,2242.99,2023-09-02
TR159538,2023-04-14,2023-04-14 09:31:25,RFQ,企业债,债券B,机构C,交易员3,机构E,交易员1,104.34,3.27,8417,8782.3,2023-04-14
TR628631,2023-12-02,2023-12-02 12:18:17,Negotiate,政策性金融债,债券E,机构C,交易员1,机构E,交易员4,104.77,4.99,4702,4926.29,2023-12-02
TR602563,2023-11-07,2023-11-07 16:17:29,RFQ,企业债,债券E,机构B,交易员4,机构C,交易员3,99.37,3.58,3178,3157.98,2023-11-07
TR764836,2023-11-23,2023-11-23 11:55:35,RFQ,企业债,债券A,机构C,交易员1,机构D,交易员4,99.47,4.99,7726,7685.05,2023-11-23
TR696479,2023-09-23,2023-09-23 11:31:07,Negotiate,企业债,债券C,机构C,交易员3,机构A,交易员3,98.38,3.94,5186,5101.99,2023-09-23
TR941375,2023-06-24,2023-06-24 13:09:11,RFQ,政策性金融债,债券C,机构B,交易员2,机构C,交易员1,98.88,4.22,7208,7127.27,2023-06-24
TR349459,2023-09-14,2023-09-14 15:05:38,Negotiate,企业债,债券B,机构E,交易员1,机构B,交易员5,95.06,2.76,1200,1140.72,2023-09-14
TR987961,2023-09-21,2023-09-21 16:20:54,RFQ,政策性金融债,债券E,机构A,交易员3,机构C,交易员4,95.04,2.64,3449,3277.93,2023-09-21
TR520575,2023-10-31,2023-10-31 12:32:46,RFQ,企业债,债券A,机构A,交易员2,机构B,交易员3,103.08,3.75,2394,2467.74,2023-10-31
TR780308,2023-12-27,2023-12-27 16:08:49,RFQ,政策性金融债,债券B,机构A,交易员2,机构B,交易员5,99.92,2.95,8084,8077.53,2023-12-27
TR967884,2023-02-22,2023-02-22 15:38:51,Negotiate,企业债,债券A,机构E,交易员2,机构B,交易员4,104.33,4.54,4101,4278.57,2023-02-22
TR800644,2023-12-19,2023-12-19 13:44:12,Negotiate,企业债,债券D,机构B,交易员5,机构C,交易员3,101.52,4.01,9164,9303.29,2023-12-19
TR632004,2023-05-13,2023-05-13 09:40:27,RFQ,国债,债券D,机构D,交易员3,机构E,交易员5,103.07,4.43,1667,1718.18,2023-05-13
TR506365,2023-05-26,2023-05-26 12:48:38,RFQ,企业债,债券B,机构B,交易员4,机构C,交易员4,100.13,3.93,9122,9133.86,2023-05-26
TR108443,2023-11-30,2023-11-30 09:25:02,RFQ,政策性金融债,债券E,机构C,交易员4,机构E,交易员3,96.72,3.72,4192,4054.5,2023-11-30
TR875742,2023-03-29,2023-03-29 11:41:56,RFQ,国债,债券B,机构B,交易员3,机构E,交易员1,97.42,2.8,6107,5949.44,2023-03-29
TR382172,2023-01-03,2023-01-03 14:11:47,Negotiate,企业债,债券A,机构B,交易员4,机构D,交易员1,100.81,2.51,5473,5517.33,2023-01-03
TR528665,2023-11-04,2023-11-04 09:49:46,Negotiate,企业债,债券D,机构C,交易员2,机构B,交易员4,104.02,4.48,3721,3870.58,2023-11-04
TR474799,2023-08-02,2023-08-02 13:25:28,Negotiate,政策性金融债,债券D,机构A,交易员1,机构C,交易员4,102.09,4.34,8198,8369.34,2023-08-02
TR204289,2023-09-03,2023-09-03 16:13:38,RFQ,政策性金融债,债券D,机构E,交易员5,机构C,交易员1,104.33,3.06,3160,3296.83,2023-09-03
TR791830,2023-01-16,2023-01-16 14:16:25,RFQ,政策性金融债,债券D,机构D,交易员2,机构C,交易员3,95.08,3.0,2313,2199.2,2023-01-16
TR112255,2023-02-27,2023-02-27 11:05:43,RFQ,政策性金融债,债券C,机构B,交易员2,机构C,交易员2,104.41,3.18,1120,1169.39,2023-02-27
TR658877,2023-08-18,2023-08-18 11:36:28,Negotiate,政策性金融债,债券C,机构D,交易员1,机构A,交易员1,95.25,4.62,5877,5597.84,2023-08-18
TR674422,2023-07-22,2023-07-22 15:36:56,Negotiate,企业债,债券A,机构D,交易员5,机构C,交易员5,104.7,3.11,4343,4547.12,2023-07-22
TR365040,2023-07-16,2023-07-16 12:13:09,RFQ,政策性金融债,债券E,机构D,交易员5,机构E,交易员1,101.18,3.68,4181,4230.34,2023-07-16
TR479693,2023-04-26,2023-04-26 16:07:15,Negotiate,企业债,债券D,机构B,交易员4,机构C,交易员4,102.73,3.42,2862,2940.13,2023-04-26
TR995446,2023-09-12,2023-09-12 14:19:34,Negotiate,政策性金融债,债券A,机构A,交易员5,机构E,交易员2,99.73,3.86,3852,3841.6,2023-09-12
TR970880,2023-02-21,2023-02-21 16:18:30,Negotiate,政策性金融债,债券B,机构D,交易员5,机构C,交易员5,96.54,3.94,2575,2485.91,2023-02-21
TR977319,2023-01-22,2023-01-22 14:46:48,Negotiate,政策性金融债,债券C,机构E,交易员4,机构A,交易员2,101.05,3.06,1983,2003.82,2023-01-22
TR822420,2023-02-15,2023-02-15 10:07:02,Negotiate,国债,债券C,机构A,交易员2,机构C,交易员3,104.28,3.87,4027,4199.36,2023-02-15
TR703412,2023-04-14,2023-04-14 13:07:30,Negotiate,国债,债券C,机构C,交易员5,机构D,交易员3,95.31,2.94,9006,8583.62,2023-04-14
TR231193,2023-07-20,2023-07-20 12:16:49,RFQ,国债,债券B,机构D,交易员5,机构A,交易员1,101.94,4.48,9428,9610.9,2023-07-20
TR322132,2023-10-09,2023-10-09 15:44:03,RFQ,政策性金融债,债券A,机构D,交易员4,机构E,交易员1,103.95,3.86,4182,4347.19,2023-10-09
TR719996,2023-03-05,2023-03-05 13:35:44,Negotiate,政策性金融债,债券C,机构B,交易员4,机构A,交易员4,98.32,4.98,5240,5151.97,2023-03-05
TR715975,2023-09-03,2023-09-03 10:16:07,RFQ,政策性金融债,债券D,机构E,交易员2,机构D,交易员4,102.74,2.58,5176,5317.82,2023-09-03
TR827934,2023-05-07,2023-05-07 10:33:12,RFQ,政策性金融债,债券D,机构B,交易员3,机构E,交易员2,102.88,2.63,3338,3434.13,2023-05-07
TR910795,2023-02-28,2023-02-28 10:10:46,Negotiate,国债,债券A,机构B,交易员2,机构C,交易员5,95.11,3.57,2819,2681.15,2023-02-28
TR716456,2023-01-07,2023-01-07 12:41:02,Negotiate,政策性金融债,债券D,机构B,交易员1,机构C,交易员1,97.42,4.41,3719,3623.05,2023-01-07
TR354163,2023-04-09,2023-04-09 11:39:15,RFQ,企业债,债券A,机构D,交易员4,机构E,交易员3,98.51,3.18,1675,1650.04,2023-04-09
TR514078,2023-05-25,2023-05-25 09:39:49,RFQ,政策性金融债,债券E,机构E,交易员2,机构D,交易员4,100.44,2.93,7806,7840.35,2023-05-25
TR716242,2023-09-14,2023-09-14 16:04:06,Negotiate,政策性金融债,债券E,机构C,交易员2,机构E,交易员3,102.3,4.02,8451,8645.37,2023-09-14
TR881293,2023-12-03,2023-12-03 13:40:45,RFQ,国债,债券C,机构D,交易员4,机构B,交易员4,96.97,3.68,9738,9442.94,2023-12-03
TR611377,2023-02-08,2023-02-08 09:20:19,RFQ,企业债,债券D,机构E,交易员2,机构C,交易员4,100.49,3.71,7146,7181.02,2023-02-08
TR182657,2023-05-21,2023-05-21 16:23:16,Negotiate,企业债,债券A,机构A,交易员2,机构E,交易员1,96.08,4.23,8913,8563.61,2023-05-21
TR677661,2023-04-22,2023-04-22 11:39:13,Negotiate,政策性金融债,债券E,机构A,交易员2,机构E,交易员5,99.01,3.98,9426,9332.68,2023-04-22
TR276168,2023-09-24,2023-09-24 09:20:33,Negotiate,企业债,债券A,机构A,交易员2,机构E,交易员1,102.7,4.87,2566,2635.28,2023-09-24
TR648872,2023-01-27,2023-01-27 10:23:20,Negotiate,国债,债券C,机构D,交易员5,机构E,交易员4,102.94,3.68,9847,10136.5,2023-01-27
TR244034,2023-12-01,2023-12-01 11:17:20,RFQ,国债,债券A,机构B,交易员2,机构C,交易员2,95.76,4.29,4360,4175.14,2023-12-01
TR623374,2023-02-15,2023-02-15 11:53:24,RFQ,国债,债券A,机构A,交易员4,机构C,交易员3,95.56,2.62,8597,8215.29,2023-02-15
TR221181,2023-08-22,2023-08-22 13:56:09,RFQ,政策性金融债,债券A,机构C,交易员4,机构B,交易员2,98.73,3.72,1184,1168.96,2023-08-22
TR663073,2023-10-07,2023-10-07 12:52:39,RFQ,企业债,债券C,机构D,交易员1,机构C,交易员5,103.61,3.16,8287,8586.16,2023-10-07
TR583405,2023-07-12,2023-07-12 12:09:47,Negotiate,企业债,债券B,机构B,交易员5,机构C,交易员1,97.11,4.44,3504,3402.73,2023-07-12
TR804386,2023-03-30,2023-03-30 13:20:22,Negotiate,国债,债券D,机构B,交易员1,机构A,交易员2,98.35,3.6,3420,3363.57,2023-03-30
TR660198,2023-12-23,2023-12-23 12:31:05,Negotiate,国债,债券E,机构E,交易员1,机构D,交易员3,100.26,2.83,6215,6231.16,2023-12-23
TR370672,2023-05-16,2023-05-16 14:25:06,Negotiate,政策性金融债,债券A,机构E,交易员3,机构A,交易员3,95.66,3.47,4508,4312.35,2023-05-16
TR832645,2023-09-28,2023-09-28 09:58:20,RFQ,企业债,债券B,机构A,交易员5,机构B,交易员4,102.6,3.4,6038,6194.99,2023-09-28
TR609888,2023-09-04,2023-09-04 16:47:16,RFQ,政策性金融债,债券B,机构E,交易员3,机构B,交易员1,96.55,4.37,4515,4359.23,2023-09-04
TR641704,2023-05-20,2023-05-20 11:46:16,Negotiate,政策性金融债,债券D,机构E,交易员2,机构D,交易员4,96.8,2.9,1060,1026.08,2023-05-20
TR696436,2023-02-10,2023-02-10 11:00:23,RFQ,企业债,债券B,机构A,交易员5,机构D,交易员4,96.86,4.12,1261,1221.4,2023-02-10
TR619904,2023-10-19,2023-10-19 14:46:47,Negotiate,企业债,债券C,机构C,交易员1,机构E,交易员4,97.28,4.22,5949,5787.19,2023-10-19
TR108763,2023-03-06,2023-03-06 13:56:49,RFQ,政策性金融债,债券B,机构A,交易员3,机构E,交易员1,101.79,2.86,8044,8187.99,2023-03-06
TR786477,2023-09-14,2023-09-14 11:02:34,Negotiate,企业债,债券B,机构D,交易员4,机构E,交易员5,97.57,4.88,8338,8135.39,2023-09-14
TR334910,2023-10-27,2023-10-27 16:05:49,RFQ,政策性金融债,债券B,机构A,交易员3,机构D,交易员5,96.11,5.0,9162,8805.6,2023-10-27
TR122095,2023-04-02,2023-04-02 12:19:14,RFQ,政策性金融债,债券B,机构C,交易员2,机构A,交易员3,99.68,2.91,5222,5205.29,2023-04-02
TR561349,2023-04-15,2023-04-15 16:22:35,RFQ,政策性金融债,债券B,机构D,交易员5,机构C,交易员5,103.54,3.65,6844,7086.28,2023-04-15
TR338800,2023-12-05,2023-12-05 13:25:42,Negotiate,国债,债券C,机构A,交易员4,机构D,交易员4,97.61,4.8,5015,4895.14,2023-12-05
TR125515,2023-10-24,2023-10-24 11:44:42,RFQ,政策性金融债,债券D,机构A,交易员2,机构D,交易员1,97.83,2.83,4015,3927.87,2023-10-24
TR294281,2023-05-02,2023-05-02 10:30:18,RFQ,企业债,债券B,机构E,交易员1,机构C,交易员1,103.92,4.39,7620,7918.7,2023-05-02
TR739618,2023-05-01,2023-05-01 09:03:31,Negotiate,企业债,债券E,机构C,交易员2,机构D,交易员2,100.98,2.64,3660,3695.87,2023-05-01
TR493322,2023-09-01,2023-09-01 14:23:55,Negotiate,国债,债券D,机构C,交易员1,机构E,交易员4,101.24,4.96,1396,1413.31,2023-09-01
TR883591,2023-03-15,2023-03-15 09:24:30,RFQ,企业债,债券E,机构B,交易员4,机构A,交易员1,100.24,2.73,5975,5989.34,2023-03-15
TR373162,2023-06-30,2023-06-30 15:45:04,Negotiate,政策性金融债,债券D,机构B,交易员3,机构A,交易员4,97.72,3.69,4348,4248.87,2023-06-30
TR738805,2023-04-16,2023-04-16 10:31:22,RFQ,政策性金融债,债券B,机构A,交易员3,机构E,交易员2,100.37,4.66,2315,2323.57,2023-04-16
TR951047,2023-06-13,2023-06-13 09:25:53,RFQ,政策性金融债,债券B,机构A,交易员1,机构B,交易员2,100.0,3.31,8559,8559.0,2023-06-13
TR300985,2023-07-29,2023-07-29 13:54:33,RFQ,企业债,债券A,机构A,交易员1,机构C,交易员2,100.07,4.28,7507,7512.25,2023-07-29
TR666284,2023-08-12,2023-08-12 14:31:27,RFQ,企业债,债券B,机构B,交易员4,机构E,交易员1,95.84,2.55,9685,9282.1,2023-08-12
TR504575,2023-08-14,2023-08-14 11:34:03,RFQ,企业债,债券B,机构D,交易员1,机构E,交易员4,103.63,4.01,6867,7116.27,2023-08-14
TR250518,2023-02-27,2023-02-27 14:40:54,Negotiate,企业债,债券A,机构C,交易员4,机构A,交易员2,99.15,4.18,8305,8234.41,2023-02-27
TR482206,2023-03-16,2023-03-16 15:52:21,Negotiate,政策性金融债,债券C,机构B,交易员5,机构A,交易员3,101.9,3.42,3092,3150.75,2023-03-16
TR992862,2023-10-18,2023-10-18 11:01:57,RFQ,企业债,债券B,机构D,交易员5,机构B,交易员5,96.34,4.33,8790,8468.29,2023-10-18
TR270035,2023-11-08,2023-11-08 12:51:42,Negotiate,国债,债券A,机构C,交易员3,机构A,交易员4,96.91,2.74,9037,8757.76,2023-11-08
TR271410,2023-05-18,2023-05-18 11:38:33,Negotiate,政策性金融债,债券A,机构E,交易员1,机构B,交易员2,95.18,3.75,3066,2918.22,2023-05-18
TR223323,2023-01-21,2023-01-21 15:08:20,Negotiate,国债,债券E,机构A,交易员1,机构C,交易员4,101.65,2.88,4185,4254.05,2023-01-21
TR715170,2023-11-12,2023-11-12 15:31:27,Negotiate,国债,债券D,机构A,交易员1,机构B,交易员3,96.21,4.32,6908,6646.19,2023-11-12
TR469858,2023-07-14,2023-07-14 11:52:03,Negotiate,企业债,债券E,机构D,交易员5,机构E,交易员4,104.86,4.51,8461,8872.2,2023-07-14
TR491115,2023-05-18,2023-05-18 10:31:25,Negotiate,国债,债券D,机构B,交易员1,机构C,交易员4,101.18,4.38,5342,5405.04,2023-05-18
TR738100,2023-04-23,2023-04-23 15:53:00,RFQ,政策性金融债,债券D,机构B,交易员2,机构E,交易员1,99.28,2.78,7016,6965.48,2023-04-23
TR156165,2023-06-20,2023-06-20 13:08:36,RFQ,国债,债券C,机构B,交易员3,机构D,交易员5,101.24,3.21,5480,5547.95,2023-06-20
TR705831,2023-09-28,2023-09-28 12:23:42,Negotiate,企业债,债券B,机构D,交易员1,机构C,交易员5,99.67,3.02,1657,1651.53,2023-09-28
TR744894,2023-07-01,2023-07-01 12:10:06,RFQ,政策性金融债,债券C,机构D,交易员4,机构C,交易员1,96.81,4.11,3326,3219.9,2023-07-01
TR729472,2023-04-07,2023-04-07 16:47:09,RFQ,企业债,债券E,机构A,交易员5,机构C,交易员4,100.12,3.31,6175,6182.41,2023-04-07
TR959977,2023-06-22,2023-06-22 12:54:19,Negotiate,国债,债券B,机构E,交易员2,机构B,交易员3,104.91,3.58,3480,3650.87,2023-06-22
TR897373,2023-03-07,2023-03-07 10:09:52,Negotiate,企业债,债券E,机构C,交易员5,机构E,交易员3,97.71,4.37,8935,8730.39,2023-03-07
TR638542,2023-11-08,2023-11-08 14:09:57,Negotiate,政策性金融债,债券A,机构A,交易员3,机构D,交易员3,104.67,4.0,5353,5602.99,2023-11-08
TR303460,2023-10-10,2023-10-10 14:16:20,Negotiate,国债,债券D,机构C,交易员4,机构A,交易员2,95.68,4.48,6264,5993.4,2023-10-10
TR876444,2023-05-14,2023-05-14 12:18:12,Negotiate,企业债,债券A,机构B,交易员5,机构D,交易员3,103.22,2.82,7563,7806.53,2023-05-14
TR689729,2023-08-21,2023-08-21 10:47:17,Negotiate,企业债,债券C,机构B,交易员5,机构C,交易员2,99.82,2.73,6944,6931.5,2023-08-21
TR308772,2023-01-26,2023-01-26 14:01:42,RFQ,企业债,债券E,机构A,交易员4,机构B,交易员1,100.73,4.91,4033,4062.44,2023-01-26
TR432618,2023-05-26,2023-05-26 13:42:11,Negotiate,企业债,债券B,机构A,交易员2,机构D,交易员1,104.61,3.49,4357,4557.86,2023-05-26
TR363674,2023-04-28,2023-04-28 14:38:58,Negotiate,企业债,债券D,机构B,交易员1,机构D,交易员2,97.47,3.14,8878,8653.39,2023-04-28
TR360356,2023-01-08,2023-01-08 10:51:18,RFQ,企业债,债券E,机构A,交易员3,机构B,交易员1,100.35,3.79,5526,5545.34,2023-01-08
TR821838,2023-08-27,2023-08-27 11:47:36,RFQ,国债,债券A,机构D,交易员4,机构E,交易员4,99.23,3.54,9077,9007.11,2023-08-27
TR262270,2023-06-24,2023-06-24 10:09:50,RFQ,国债,债券E,机构E,交易员2,机构B,交易员4,98.35,4.22,9274,9120.98,2023-06-24
TR928371,2023-05-16,2023-05-16 16:21:25,RFQ,国债,债券C,机构C,交易员5,机构E,交易员2,95.79,3.11,6757,6472.53,2023-05-16
TR499483,2023-09-15,2023-09-15 10:12:28,RFQ,企业债,债券C,机构D,交易员3,机构A,交易员2,99.13,3.67,1959,1941.96,2023-09-15
TR378544,2023-07-11,2023-07-11 15:21:52,Negotiate,政策性金融债,债券E,机构A,交易员5,机构D,交易员3,96.67,4.61,4689,4532.86,2023-07-11
TR688733,2023-01-27,2023-01-27 11:57:06,RFQ,国债,债券B,机构D,交易员3,机构A,交易员4,100.9,3.97,1831,1847.48,2023-01-27
TR629796,2023-10-05,2023-10-05 10:46:24,Negotiate,政策性金融债,债券D,机构A,交易员3,机构C,交易员1,104.98,2.73,2072,2175.19,2023-10-05
TR796636,2023-04-27,2023-04-27 11:16:01,Negotiate,国债,债券C,机构A,交易员5,机构B,交易员5,98.04,3.56,2804,2749.04,2023-04-27
TR326217,2023-01-05,2023-01-05 09:51:05,RFQ,国债,债券D,机构E,交易员1,机构A,交易员2,100.61,2.54,3053,3071.62,2023-01-05
TR657287,2023-06-09,2023-06-09 11:31:53,Negotiate,国债,债券E,机构D,交易员4,机构B,交易员5,100.78,3.66,2823,2845.02,2023-06-09
TR527617,2023-02-22,2023-02-22 11:57:57,Negotiate,国债,债券C,机构D,交易员2,机构A,交易员4,104.53,4.54,7932,8291.32,2023-02-22
TR735440,2023-03-08,2023-03-08 09:40:08,Negotiate,企业债,债券E,机构B,交易员5,机构C,交易员2,102.17,3.72,1302,1330.25,2023-03-08
TR337560,2023-06-14,2023-06-14 13:17:47,Negotiate,企业债,债券B,机构C,交易员5,机构E,交易员5,95.43,4.01,1997,1905.74,2023-06-14
TR311692,2023-03-23,2023-03-23 11:57:47,RFQ,企业债,债券B,机构B,交易员5,机构A,交易员3,97.75,2.68,1975,1930.56,2023-03-23
TR763916,2023-11-18,2023-11-18 13:57:11,RFQ,国债,债券C,机构D,交易员4,机构A,交易员4,99.51,3.82,2879,2864.89,2023-11-18
TR275406,2023-01-28,2023-01-28 09:42:23,RFQ,国债,债券E,机构E,交易员3,机构D,交易员5,98.16,2.6,3692,3624.07,2023-01-28
TR873015,2023-05-26,2023-05-26 11:11:39,RFQ,国债,债券A,机构B,交易员5,机构D,交易员2,95.79,4.43,5362,5136.26,2023-05-26
TR836603,2023-01-08,2023-01-08 14:00:59,Negotiate,企业债,债券E,机构C,交易员3,机构E,交易员3,101.19,3.25,7600,7690.44,2023-01-08
TR348338,2023-07-10,2023-07-10 14:37:46,RFQ,政策性金融债,债券D,机构C,交易员2,机构B,交易员1,100.5,4.41,6391,6422.95,2023-07-10
TR217500,2023-03-29,2023-03-29 14:45:05,Negotiate,企业债,债券B,机构B,交易员1,机构E,交易员1,99.25,3.21,9215,9145.89,2023-03-29
TR966619,2023-02-27,2023-02-27 13:55:12,RFQ,政策性金融债,债券B,机构C,交易员4,机构E,交易员5,103.29,4.58,4160,4296.86,2023-02-27
TR194228,2023-05-01,2023-05-01 14:36:56,RFQ,政策性金融债,债券B,机构B,交易员5,机构D,交易员3,100.43,4.7,7722,7755.2,2023-05-01
TR304786,2023-11-30,2023-11-30 10:30:11,Negotiate,国债,债券C,机构C,交易员4,机构D,交易员3,96.04,4.04,2471,2373.15,2023-11-30
TR385597,2023-10-21,2023-10-21 11:19:17,RFQ,国债,债券D,机构B,交易员2,机构D,交易员3,97.55,3.33,7236,7058.72,2023-10-21
TR415638,2023-04-23,2023-04-23 12:20:32,RFQ,政策性金融债,债券E,机构D,交易员1,机构B,交易员4,103.18,3.56,4473,4615.24,2023-04-23
TR977888,2023-01-28,2023-01-28 16:51:29,Negotiate,企业债,债券C,机构D,交易员5,机构B,交易员3,104.71,3.71,3712,3886.84,2023-01-28
TR635180,2023-07-29,2023-07-29 10:20:03,RFQ,企业债,债券B,机构C,交易员1,机构E,交易员3,95.76,4.93,9465,9063.68,2023-07-29
TR392369,2023-06-10,2023-06-10 10:21:07,RFQ,国债,债券E,机构C,交易员2,机构D,交易员4,99.09,3.3,4708,4665.16,2023-06-10
TR294018,2023-02-20,2023-02-20 11:32:32,Negotiate,政策性金融债,债券A,机构E,交易员5,机构D,交易员4,96.41,3.58,4107,3959.56,2023-02-20
TR570204,2023-10-09,2023-10-09 14:46:23,RFQ,政策性金融债,债券E,机构B,交易员2,机构E,交易员3,99.03,2.84,2339,2316.31,2023-10-09
TR835639,2023-06-30,2023-06-30 15:31:45,Negotiate,企业债,债券E,机构E,交易员2,机构D,交易员1,100.72,4.53,9509,9577.46,2023-06-30
TR298129,2023-04-06,2023-04-06 11:29:41,RFQ,国债,债券A,机构C,交易员2,机构B,交易员5,97.61,2.7,2766,2699.89,2023-04-06
TR949701,2023-12-25,2023-12-25 10:45:26,RFQ,国债,债券B,机构A,交易员1,机构B,交易员2,103.6,3.52,9507,9849.25,2023-12-25
TR483735,2023-06-04,2023-06-04 12:59:58,Negotiate,企业债,债券B,机构E,交易员5,机构C,交易员3,96.01,2.55,4948,4750.57,2023-06-04
TR477230,2023-08-23,2023-08-23 13:09:19,RFQ,企业债,债券C,机构D,交易员5,机构C,交易员1,96.18,2.72,7115,6843.21,2023-08-23
TR505621,2023-03-01,2023-03-01 12:51:23,Negotiate,国债,债券C,机构C,交易员3,机构E,交易员4,102.82,2.84,4517,4644.38,2023-03-01
TR804579,2023-05-12,2023-05-12 09:54:42,Negotiate,国债,债券C,机构A,交易员1,机构C,交易员5,99.93,4.1,3672,3669.43,2023-05-12
TR879848,2023-10-20,2023-10-20 11:42:45,RFQ,政策性金融债,债券B,机构B,交易员5,机构C,交易员1,95.6,2.61,2856,2730.34,2023-10-20
TR640343,2023-11-27,2023-11-27 11:30:15,RFQ,国债,债券E,机构A,交易员2,机构B,交易员1,104.1,3.43,5669,5901.43,2023-11-27
TR508476,2023-02-05,2023-02-05 09:14:05,Negotiate,国债,债券A,机构B,交易员5,机构E,交易员1,96.67,3.7,9254,8945.84,2023-02-05
TR854684,2023-10-26,2023-10-26 12:09:18,Negotiate,企业债,债券E,机构B,交易员4,机构C,交易员5,102.45,4.12,9376,9605.71,2023-10-26
TR261007,2023-11-16,2023-11-16 15:55:21,Negotiate,政策性金融债,债券B,机构C,交易员2,机构B,交易员1,102.42,4.51,8341,8542.85,2023-11-16
TR692218,2023-09-08,2023-09-08 09:42:33,RFQ,政策性金融债,债券A,机构E,交易员5,机构B,交易员3,103.46,3.63,9134,9450.04,2023-09-08
TR911462,2023-06-26,2023-06-26 11:20:10,Negotiate,国债,债券E,机构E,交易员5,机构C,交易员2,100.19,4.57,6019,6030.44,2023-06-26
TR573033,2023-05-01,2023-05-01 15:35:43,Negotiate,政策性金融债,债券B,机构D,交易员1,机构C,交易员4,97.46,4.08,3688,3594.32,2023-05-01
TR694028,2023-01-08,2023-01-08 13:41:55,Negotiate,政策性金融债,债券D,机构B,交易员2,机构E,交易员3,99.73,3.56,9039,9014.59,2023-01-08
TR366933,2023-03-16,2023-03-16 15:27:56,RFQ,企业债,债券E,机构A,交易员4,机构C,交易员5,99.36,4.22,2055,2041.85,2023-03-16
TR929029,2023-08-15,2023-08-15 15:57:21,RFQ,国债,债券E,机构B,交易员4,机构A,交易员5,96.95,4.73,3581,3471.78,2023-08-15
TR707597,2023-09-26,2023-09-26 12:52:02,RFQ,国债,债券C,机构D,交易员3,机构A,交易员3,96.47,3.72,6986,6739.39,2023-09-26
TR105342,2023-07-09,2023-07-09 09:25:10,Negotiate,国债,债券C,机构A,交易员4,机构D,交易员2,103.81,2.56,8311,8627.65,2023-07-09
TR666203,2023-10-29,2023-10-29 16:23:55,Negotiate,企业债,债券D,机构E,交易员3,机构A,交易员4,101.25,4.35,9864,9987.3,2023-10-29
TR820310,2023-12-30,2023-12-30 10:51:28,Negotiate,企业债,债券A,机构D,交易员2,机构C,交易员3,96.66,4.47,9959,9626.37,2023-12-30
TR866135,2023-06-11,2023-06-11 12:26:46,RFQ,政策性金融债,债券B,机构E,交易员1,机构D,交易员3,102.26,2.95,4469,4570.0,2023-06-11
TR738043,2023-04-16,2023-04-16 12:43:55,RFQ,国债,债券D,机构A,交易员5,机构C,交易员3,100.56,2.53,4760,4786.66,2023-04-16
TR153452,2023-11-20,2023-11-20 15:05:12,Negotiate,政策性金融债,债券B,机构E,交易员1,机构D,交易员1,103.89,3.95,5049,5245.41,2023-11-20
TR157791,2023-10-26,2023-10-26 13:56:19,Negotiate,政策性金融债,债券C,机构E,交易员3,机构C,交易员5,97.98,3.16,2348,2300.57,2023-10-26
TR939004,2023-08-22,2023-08-22 15:11:27,Negotiate,企业债,债券A,机构B,交易员4,机构A,交易员3,95.1,3.4,6361,6049.31,2023-08-22
TR421664,2023-05-31,2023-05-31 13:36:49,RFQ,政策性金融债,债券D,机构C,交易员2,机构B,交易员5,104.05,3.64,9368,9747.4,2023-05-31
TR266695,2023-11-14,2023-11-14 10:03:25,Negotiate,企业债,债券A,机构C,交易员1,机构B,交易员4,96.38,3.16,1214,1170.05,2023-11-14
TR855470,2023-06-17,2023-06-17 09:35:36,Negotiate,国债,债券E,机构B,交易员3,机构E,交易员4,102.49,4.72,9463,9698.63,2023-06-17
TR414418,2023-12-27,2023-12-27 10:38:59,Negotiate,企业债,债券E,机构C,交易员3,机构A,交易员2,103.84,3.31,3926,4076.76,2023-12-27
TR416295,2023-11-09,2023-11-09 09:58:05,RFQ,企业债,债券A,机构D,交易员4,机构C,交易员4,102.4,3.3,1856,1900.54,2023-11-09
TR357074,2023-08-26,2023-08-26 11:21:33,Negotiate,国债,债券D,机构B,交易员1,机构C,交易员2,99.61,3.56,4309,4292.19,2023-08-26
TR720323,2023-06-29,2023-06-29 12:44:39,RFQ,国债,债券D,机构D,交易员4,机构A,交易员2,99.02,2.89,2526,2501.25,2023-06-29
TR450045,2023-06-01,2023-06-01 09:45:49,Negotiate,政策性金融债,债券D,机构D,交易员1,机构A,交易员1,99.54,2.84,2124,2114.23,2023-06-01
TR705678,2023-01-21,2023-01-21 11:30:17,Negotiate,企业债,债券D,机构A,交易员2,机构B,交易员5,97.53,3.92,1648,1607.29,2023-01-21
TR170875,2023-03-05,2023-03-05 12:47:43,Negotiate,企业债,债券E,机构C,交易员1,机构E,交易员4,98.62,4.75,3040,2998.05,2023-03-05
TR126363,2023-06-21,2023-06-21 14:16:46,Negotiate,政策性金融债,债券C,机构A,交易员4,机构B,交易员2,95.66,4.82,3894,3725.0,2023-06-21
TR189715,2023-08-02,2023-08-02 14:30:09,Negotiate,企业债,债券A,机构B,交易员4,机构E,交易员2,99.4,2.7,9776,9717.34,2023-08-02
TR909597,2023-02-11,2023-02-11 16:29:35,Negotiate,企业债,债券B,机构E,交易员2,机构D,交易员1,95.04,4.71,6821,6482.68,2023-02-11
TR341683,2023-12-01,2023-12-01 16:03:48,RFQ,企业债,债券A,机构A,交易员4,机构D,交易员1,102.56,3.44,5871,6021.3,2023-12-01
TR602823,2023-03-31,2023-03-31 16:15:26,RFQ,国债,债券E,机构D,交易员5,机构C,交易员2,97.06,2.52,4733,4593.85,2023-03-31
TR380842,2023-07-12,2023-07-12 09:30:39,Negotiate,国债,债券A,机构C,交易员2,机构A,交易员2,98.66,4.16,9817,9685.45,2023-07-12
TR195598,2023-09-15,2023-09-15 10:29:12,RFQ,国债,债券A,机构B,交易员3,机构D,交易员4,102.76,4.67,3309,3400.33,2023-09-15
TR280050,2023-10-25,2023-10-25 09:17:16,Negotiate,企业债,债券B,机构A,交易员1,机构C,交易员3,99.47,3.95,7725,7684.06,2023-10-25
TR448645,2023-04-13,2023-04-13 12:37:57,RFQ,国债,债券A,机构C,交易员1,机构E,交易员3,98.71,2.71,4277,4221.83,2023-04-13
TR900738,2023-11-05,2023-11-05 13:38:58,RFQ,国债,债券C,机构A,交易员5,机构D,交易员1,98.16,3.18,5207,5111.19,2023-11-05
TR814228,2023-01-18,2023-01-18 16:28:04,Negotiate,国债,债券C,机构B,交易员4,机构A,交易员3,96.83,4.12,7237,7007.59,2023-01-18
TR833201,2023-06-24,2023-06-24 13:58:43,RFQ,政策性金融债,债券C,机构A,交易员4,机构C,交易员2,98.15,3.86,8039,7890.28,2023-06-24
TR585869,2023-09-28,2023-09-28 09:32:39,Negotiate,国债,债券C,机构A,交易员4,机构E,交易员4,99.18,4.72,8009,7943.33,2023-09-28
TR384718,2023-10-21,2023-10-21 14:21:37,RFQ,国债,债券A,机构B,交易员1,机构C,交易员2,102.34,3.13,2775,2839.93,2023-10-21
TR528374,2023-07-09,2023-07-09 10:37:30,RFQ,国债,债券E,机构C,交易员1,机构D,交易员3,104.91,3.51,4229,4436.64,2023-07-09
TR735175,2023-04-12,2023-04-12 09:25:22,RFQ,企业债,债券E,机构B,交易员3,机构E,交易员2,97.92,3.68,7399,7245.1,2023-04-12
TR257312,2023-01-10,2023-01-10 11:14:48,RFQ,政策性金融债,债券A,机构D,交易员3,机构C,交易员1,103.27,4.36,3409,3520.47,2023-01-10
TR242854,2023-04-29,2023-04-29 13:12:15,RFQ,政策性金融债,债券C,机构B,交易员3,机构E,交易员5,98.27,4.18,8310,8166.24,2023-04-29
TR772887,2023-06-05,2023-06-05 15:33:48,Negotiate,国债,债券D,机构B,交易员5,机构E,交易员3,101.95,2.98,7203,7343.46,2023-06-05
TR512778,2023-06-09,2023-06-09 15:57:26,Negotiate,政策性金融债,债券A,机构A,交易员4,机构C,交易员4,97.88,3.29,1157,1132.47,2023-06-09
TR287276,2023-01-23,2023-01-23 16:36:54,RFQ,政策性金融债,债券D,机构A,交易员1,机构B,交易员4,99.88,4.23,5843,5835.99,2023-01-23
TR448568,2023-08-19,2023-08-19 14:35:55,Negotiate,政策性金融债,债券C,机构D,交易员4,机构C,交易员1,98.71,3.31,6659,6573.1,2023-08-19
TR156964,2023-01-20,2023-01-20 12:38:12,Negotiate,国债,债券E,机构A,交易员4,机构B,交易员3,97.47,3.42,6585,6418.4,2023-01-20
TR684882,2023-08-14,2023-08-14 12:42:57,Negotiate,国债,债券D,机构D,交易员2,机构C,交易员3,96.69,3.27,4859,4698.17,2023-08-14
TR604667,2023-10-02,2023-10-02 10:49:51,RFQ,政策性金融债,债券C,机构E,交易员4,机构A,交易员3,101.63,3.34,7483,7604.97,2023-10-02
TR705812,2023-06-02,2023-06-02 11:34:00,Negotiate,政策性金融债,债券D,机构A,交易员5,机构B,交易员2,102.73,4.39,9536,9796.33,2023-06-02
TR406710,2023-03-25,2023-03-25 14:43:32,RFQ,政策性金融债,债券A,机构B,交易员1,机构D,交易员2,104.73,4.03,7577,7935.39,2023-03-25
TR111546,2023-08-13,2023-08-13 11:25:40,Negotiate,政策性金融债,债券C,机构E,交易员4,机构B,交易员5,98.13,4.52,3101,3043.01,2023-08-13
TR259514,2023-04-09,2023-04-09 16:31:10,RFQ,企业债,债券D,机构D,交易员2,机构A,交易员1,95.44,4.42,8756,8356.73,2023-04-09
TR491761,2023-12-20,2023-12-20 10:04:57,Negotiate,国债,债券A,机构C,交易员3,机构A,交易员4,101.91,3.48,6151,6268.48,2023-12-20
TR210109,2023-02-27,2023-02-27 10:35:22,RFQ,国债,债券E,机构C,交易员4,机构D,交易员3,96.59,3.85,2892,2793.38,2023-02-27
TR903134,2023-09-27,2023-09-27 11:22:16,Negotiate,政策性金融债,债券A,机构E,交易员3,机构A,交易员2,102.07,4.01,2435,2485.4,2023-09-27
TR908581,2023-09-12,2023-09-12 15:00:07,Negotiate,政策性金融债,债券E,机构B,交易员2,机构E,交易员1,95.94,4.49,2840,2724.7,2023-09-12
TR794119,2023-08-28,2023-08-28 10:27:33,RFQ,政策性金融债,债券B,机构D,交易员5,机构C,交易员5,102.59,2.55,3883,3983.57,2023-08-28
TR366212,2023-11-22,2023-11-22 16:17:07,RFQ,国债,债券B,机构E,交易员5,机构A,交易员4,97.11,3.8,1069,1038.11,2023-11-22
TR165220,2023-12-17,2023-12-17 10:45:31,RFQ,国债,债券C,机构B,交易员1,机构C,交易员3,98.22,3.99,2233,2193.25,2023-12-17
TR137975,2023-09-15,2023-09-15 13:47:43,RFQ,政策性金融债,债券D,机构E,交易员3,机构D,交易员5,97.93,2.81,1892,1852.84,2023-09-15
TR743858,2023-11-12,2023-11-12 09:22:23,RFQ,政策性金融债,债券A,机构E,交易员1,机构B,交易员4,98.75,4.49,1742,1720.22,2023-11-12
TR325659,2023-10-29,2023-10-29 11:06:20,Negotiate,国债,债券A,机构B,交易员3,机构C,交易员1,99.64,3.87,4707,4690.05,2023-10-29
TR238584,2023-01-25,2023-01-25 12:05:39,RFQ,政策性金融债,债券E,机构D,交易员4,机构B,交易员3,95.55,3.53,6091,5819.95,2023-01-25
TR995313,2023-05-17,2023-05-17 13:10:20,RFQ,企业债,债券B,机构E,交易员1,机构C,交易员1,98.76,4.57,5737,5665.86,2023-05-17
TR914762,2023-06-21,2023-06-21 13:13:04,RFQ,国债,债券E,机构D,交易员5,机构B,交易员2,100.34,3.47,9433,9465.07,2023-06-21
TR761585,2023-09-30,2023-09-30 11:46:23,Negotiate,企业债,债券E,机构A,交易员5,机构E,交易员2,97.53,2.93,4647,4532.22,2023-09-30
TR982406,2023-02-28,2023-02-28 12:38:34,RFQ,企业债,债券B,机构C,交易员3,机构B,交易员4,97.04,3.23,2672,2592.91,2023-02-28
TR190775,2023-11-12,2023-11-12 11:12:28,Negotiate,企业债,债券E,机构C,交易员4,机构D,交易员5,103.18,4.41,3376,3483.36,2023-11-12
TR720581,2023-02-09,2023-02-09 13:18:14,Negotiate,企业债,债券E,机构B,交易员5,机构A,交易员1,101.01,4.0,8715,8803.02,2023-02-09
TR109367,2023-09-15,2023-09-15 10:02:27,RFQ,政策性金融债,债券B,机构A,交易员2,机构D,交易员4,101.52,2.7,3624,3679.08,2023-09-15
TR501510,2023-06-15,2023-06-15 13:41:20,RFQ,企业债,债券B,机构C,交易员4,机构B,交易员4,100.13,4.08,8315,8325.81,2023-06-15
TR236436,2023-08-22,2023-08-22 10:56:58,RFQ,企业债,债券E,机构C,交易员4,机构A,交易员4,96.08,4.6,2080,1998.46,2023-08-22
TR539530,2023-09-24,2023-09-24 16:21:22,Negotiate,国债,债券E,机构B,交易员4,机构C,交易员1,103.98,4.99,9029,9388.35,2023-09-24
TR960543,2023-08-18,2023-08-18 12:13:44,RFQ,国债,债券A,机构D,交易员4,机构C,交易员1,100.12,4.98,8714,8724.46,2023-08-18
TR905712,2023-01-07,2023-01-07 14:03:26,Negotiate,企业债,债券E,机构E,交易员1,机构A,交易员5,101.3,4.4,5764,5838.93,2023-01-07
TR640626,2023-12-24,2023-12-24 14:41:43,RFQ,国债,债券E,机构E,交易员5,机构A,交易员3,100.18,4.7,1315,1317.37,2023-12-24
TR131131,2023-09-09,2023-09-09 14:07:28,RFQ,国债,债券E,机构C,交易员3,机构A,交易员5,95.96,3.36,7085,6798.77,2023-09-09
TR217680,2023-06-09,2023-06-09 15:58:24,RFQ,政策性金融债,债券E,机构C,交易员4,机构D,交易员5,102.91,4.87,2355,2423.53,2023-06-09
TR657197,2023-08-09,2023-08-09 14:28:44,Negotiate,国债,债券A,机构B,交易员1,机构A,交易员2,96.24,4.27,2743,2639.86,2023-08-09
TR983039,2023-08-02,2023-08-02 10:32:48,RFQ,国债,债券B,机构E,交易员3,机构C,交易员1,104.7,4.99,8310,8700.57,2023-08-02
TR992202,2023-05-14,2023-05-14 16:21:15,RFQ,企业债,债券D,机构C,交易员3,机构D,交易员1,100.77,3.49,3038,3061.39,2023-05-14
TR330682,2023-11-10,2023-11-10 11:56:03,RFQ,国债,债券B,机构E,交易员2,机构D,交易员2,100.04,2.72,5070,5072.03,2023-11-10
TR531346,2023-09-14,2023-09-14 11:18:09,RFQ,国债,债券C,机构A,交易员3,机构B,交易员5,102.17,3.83,7658,7824.18,2023-09-14
TR850695,2023-10-05,2023-10-05 09:25:54,Negotiate,国债,债券C,机构D,交易员3,机构B,交易员5,104.38,2.92,3075,3209.68,2023-10-05
TR530265,2023-07-17,2023-07-17 15:09:50,Negotiate,政策性金融债,债券E,机构B,交易员4,机构C,交易员4,104.07,4.59,9443,9827.33,2023-07-17
TR889290,2023-02-21,2023-02-21 12:33:00,Negotiate,政策性金融债,债券B,机构D,交易员2,机构C,交易员1,97.0,2.67,9310,9030.7,2023-02-21
TR601136,2023-09-11,2023-09-11 11:59:03,RFQ,政策性金融债,债券A,机构B,交易员1,机构A,交易员4,100.33,4.92,7350,7374.26,2023-09-11
TR122569,2023-11-05,2023-11-05 14:35:38,RFQ,企业债,债券E,机构D,交易员1,机构C,交易员5,98.88,2.81,2434,2406.74,2023-11-05
TR884983,2023-03-29,2023-03-29 16:08:51,Negotiate,政策性金融债,债券B,机构A,交易员1,机构D,交易员4,99.86,3.66,7248,7237.85,2023-03-29
TR630150,2023-01-21,2023-01-21 11:02:04,RFQ,国债,债券C,机构C,交易员5,机构D,交易员2,100.36,2.62,9707,9741.95,2023-01-21
TR484020,2023-07-27,2023-07-27 12:22:40,RFQ,企业债,债券D,机构C,交易员2,机构D,交易员1,100.69,3.72,8686,8745.93,2023-07-27
TR650169,2023-08-29,2023-08-29 09:30:54,RFQ,国债,债券B,机构B,交易员2,机构A,交易员2,101.2,3.49,5538,5604.46,2023-08-29
TR712869,2023-07-27,2023-07-27 14:28:19,Negotiate,政策性金融债,债券E,机构E,交易员5,机构C,交易员5,97.49,3.7,6124,5970.29,2023-07-27
TR904664,2023-11-24,2023-11-24 10:49:59,RFQ,国债,债券C,机构C,交易员5,机构A,交易员2,104.43,3.56,7969,8322.03,2023-11-24
TR973005,2023-02-27,2023-02-27 11:44:48,RFQ,国债,债券D,机构E,交易员3,机构D,交易员4,104.94,4.61,4101,4303.59,2023-02-27
TR187765,2023-04-21,2023-04-21 12:32:28,RFQ,国债,债券D,机构E,交易员2,机构A,交易员1,97.43,2.51,3186,3104.12,2023-04-21
TR929564,2023-10-31,2023-10-31 09:41:19,RFQ,企业债,债券D,机构B,交易员5,机构E,交易员2,104.16,4.22,5990,6239.18,2023-10-31
TR805954,2023-08-22,2023-08-22 10:01:53,RFQ,企业债,债券A,机构B,交易员3,机构E,交易员3,96.8,3.11,7526,7285.17,2023-08-22
TR249477,2023-06-01,2023-06-01 13:59:48,RFQ,企业债,债券C,机构E,交易员4,机构A,交易员2,97.15,4.47,3392,3295.33,2023-06-01
TR958347,2023-02-02,2023-02-02 13:43:07,RFQ,企业债,债券C,机构A,交易员5,机构B,交易员1,103.0,3.95,3924,4041.72,2023-02-02
TR659076,2023-02-22,2023-02-22 10:25:28,RFQ,国债,债券E,机构D,交易员4,机构B,交易员2,101.93,3.79,9175,9352.08,2023-02-22
TR137886,2023-02-20,2023-02-20 10:47:24,RFQ,企业债,债券C,机构E,交易员2,机构D,交易员2,98.18,4.27,3495,3431.39,2023-02-20
TR142371,2023-03-10,2023-03-10 09:50:04,Negotiate,政策性金融债,债券B,机构E,交易员1,机构B,交易员1,95.2,3.95,3950,3760.4,2023-03-10
TR947244,2023-05-11,2023-05-11 11:00:58,RFQ,企业债,债券D,机构A,交易员5,机构C,交易员4,99.85,3.55,3353,3347.97,2023-05-11
TR606107,2023-11-28,2023-11-28 09:20:39,RFQ,企业债,债券D,机构B,交易员1,机构E,交易员4,100.04,4.59,1768,1768.71,2023-11-28
TR577199,2023-11-07,2023-11-07 14:06:30,Negotiate,国债,债券A,机构B,交易员1,机构C,交易员2,101.51,3.91,3208,3256.44,2023-11-07
TR479061,2023-04-25,2023-04-25 16:20:37,RFQ,政策性金融债,债券E,机构E,交易员3,机构B,交易员3,103.53,2.89,3749,3881.34,2023-04-25
TR938760,2023-10-11,2023-10-11 14:16:47,RFQ,政策性金融债,债券E,机构C,交易员1,机构D,交易员5,95.53,3.98,2487,2375.83,2023-10-11
TR697977,2023-12-02,2023-12-02 14:03:38,RFQ,政策性金融债,债券E,机构D,交易员2,机构E,交易员4,98.45,4.49,7297,7183.9,2023-12-02
TR916612,2023-02-14,2023-02-14 12:35:08,Negotiate,国债,债券B,机构B,交易员2,机构C,交易员1,101.69,2.73,3800,3864.22,2023-02-14
TR699057,2023-10-20,2023-10-20 13:02:54,Negotiate,企业债,债券A,机构C,交易员5,机构E,交易员3,103.16,2.74,8956,9239.01,2023-10-20
TR125553,2023-09-01,2023-09-01 10:44:48,Negotiate,国债,债券E,机构C,交易员3,机构B,交易员3,99.8,4.46,7787,7771.43,2023-09-01
TR212796,2023-03-19,2023-03-19 14:14:21,Negotiate,政策性金融债,债券D,机构D,交易员1,机构C,交易员4,102.37,2.93,1829,1872.35,2023-03-19
TR564295,2023-03-22,2023-03-22 12:33:48,Negotiate,企业债,债券D,机构A,交易员2,机构D,交易员5,98.62,3.81,7233,7133.18,2023-03-22
TR643280,2023-02-20,2023-02-20 15:24:43,RFQ,国债,债券C,机构B,交易员1,机构D,交易员4,100.76,4.98,6225,6272.31,2023-02-20
TR584956,2023-01-09,2023-01-09 12:29:27,RFQ,企业债,债券C,机构B,交易员4,机构E,交易员5,100.34,4.48,1934,1940.58,2023-01-09
TR125947,2023-04-04,2023-04-04 10:22:18,Negotiate,政策性金融债,债券A,机构A,交易员4,机构D,交易员1,100.04,3.63,7891,7894.16,2023-04-04
TR803758,2023-02-05,2023-02-05 14:58:24,Negotiate,企业债,债券E,机构C,交易员3,机构A,交易员2,98.89,4.5,6235,6165.79,2023-02-05
TR571339,2023-08-06,2023-08-06 14:58:11,Negotiate,政策性金融债,债券B,机构B,交易员5,机构E,交易员5,102.02,4.49,3548,3619.67,2023-08-06
TR702744,2023-07-02,2023-07-02 14:23:11,Negotiate,国债,债券B,机构E,交易员2,机构B,交易员4,101.87,4.43,4699,4786.87,2023-07-02
TR128821,2023-11-17,2023-11-17 11:05:53,Negotiate,国债,债券D,机构A,交易员4,机构E,交易员4,102.32,3.04,4842,4954.33,2023-11-17
TR801211,2023-03-23,2023-03-23 13:55:59,RFQ,国债,债券B,机构C,交易员1,机构D,交易员2,100.72,4.96,5001,5037.01,2023-03-23
TR407431,2023-07-29,2023-07-29 16:15:58,Negotiate,企业债,债券A,机构B,交易员2,机构D,交易员1,95.44,4.48,1468,1401.06,2023-07-29
TR369811,2023-06-29,2023-06-29 11:46:11,Negotiate,国债,债券C,机构D,交易员4,机构C,交易员2,104.55,3.26,5747,6008.49,2023-06-29
TR763473,2023-09-22,2023-09-22 15:09:12,RFQ,国债,债券B,机构A,交易员2,机构C,交易员3,100.58,4.27,9711,9767.32,2023-09-22
TR828420,2023-10-27,2023-10-27 15:59:27,RFQ,政策性金融债,债券A,机构D,交易员4,机构A,交易员5,97.2,3.38,7394,7186.97,2023-10-27
TR760690,2023-04-12,2023-04-12 14:42:47,Negotiate,国债,债券D,机构B,交易员5,机构C,交易员3,101.68,3.76,1380,1403.18,2023-04-12
TR748877,2023-12-17,2023-12-17 14:38:11,RFQ,国债,债券B,机构D,交易员4,机构E,交易员1,98.57,3.41,4528,4463.25,2023-12-17
TR504833,2023-08-15,2023-08-15 10:29:47,RFQ,政策性金融债,债券B,机构E,交易员4,机构C,交易员4,99.23,4.26,3587,3559.38,2023-08-15
TR168949,2023-05-24,2023-05-24 13:53:00,RFQ,国债,债券D,机构B,交易员5,机构A,交易员2,95.77,3.92,8416,8060.0,2023-05-24
TR329626,2023-04-12,2023-04-12 09:22:52,RFQ,企业债,债券B,机构C,交易员2,机构A,交易员3,97.85,4.04,7787,7619.58,2023-04-12
TR561067,2023-02-13,2023-02-13 15:20:13,Negotiate,国债,债券B,机构E,交易员2,机构C,交易员2,103.09,4.07,3278,3379.29,2023-02-13
TR659935,2023-03-12,2023-03-12 13:25:41,Negotiate,政策性金融债,债券A,机构B,交易员4,机构A,交易员1,100.86,3.68,1401,1413.05,2023-03-12
TR138691,2023-07-30,2023-07-30 16:29:00,RFQ,国债,债券D,机构D,交易员4,机构C,交易员4,95.53,3.89,3204,3060.78,2023-07-30
TR935326,2023-11-21,2023-11-21 09:02:23,Negotiate,政策性金融债,债券E,机构D,交易员2,机构E,交易员2,95.6,4.12,6688,6393.73,2023-11-21
TR607222,2023-08-05,2023-08-05 09:16:40,RFQ,国债,债券E,机构B,交易员5,机构E,交易员4,103.56,4.49,6295,6519.1,2023-08-05
TR847466,2023-09-21,2023-09-21 13:32:02,RFQ,国债,债券E,机构C,交易员1,机构E,交易员5,103.06,2.96,1952,2011.73,2023-09-21
TR109701,2023-04-25,2023-04-25 15:33:42,Negotiate,国债,债券B,机构E,交易员5,机构A,交易员5,98.52,3.99,8501,8375.19,2023-04-25
TR410125,2023-05-11,2023-05-11 14:00:22,RFQ,企业债,债券C,机构D,交易员4,机构E,交易员1,102.57,3.57,9295,9533.88,2023-05-11
TR290922,2023-03-29,2023-03-29 10:50:12,Negotiate,国债,债券B,机构D,交易员2,机构B,交易员3,101.4,2.66,5659,5738.23,2023-03-29
TR280570,2023-09-02,2023-09-02 10:51:18,RFQ,企业债,债券C,机构B,交易员5,机构D,交易员4,99.91,3.3,7407,7400.33,2023-09-02
TR679365,2023-11-23,2023-11-23 15:13:52,RFQ,企业债,债券E,机构B,交易员5,机构D,交易员2,97.32,2.8,7859,7648.38,2023-11-23
TR200741,2023-04-21,2023-04-21 12:16:52,Negotiate,国债,债券E,机构E,交易员3,机构C,交易员4,99.13,3.01,1727,1711.98,2023-04-21
TR235030,2023-09-07,2023-09-07 12:58:30,Negotiate,企业债,债券D,机构D,交易员4,机构E,交易员4,95.98,3.85,7948,7628.49,2023-09-07
TR758728,2023-03-26,2023-03-26 15:34:58,Negotiate,政策性金融债,债券A,机构B,交易员1,机构D,交易员5,99.54,2.52,7317,7283.34,2023-03-26
TR903017,2023-11-18,2023-11-18 15:45:40,Negotiate,国债,债券E,机构C,交易员1,机构A,交易员5,102.84,3.58,4757,4892.1,2023-11-18
TR939650,2023-06-06,2023-06-06 15:27:03,RFQ,政策性金融债,债券A,机构A,交易员2,机构D,交易员4,98.23,3.04,3625,3560.84,2023-06-06
TR411663,2023-07-28,2023-07-28 12:24:55,Negotiate,政策性金融债,债券C,机构E,交易员1,机构C,交易员1,98.65,3.68,4916,4849.63,2023-07-28
TR148202,2023-07-29,2023-07-29 10:37:10,Negotiate,企业债,债券C,机构C,交易员5,机构B,交易员4,95.03,4.34,3728,3542.72,2023-07-29
TR637849,2023-12-02,2023-12-02 10:44:19,RFQ,企业债,债券E,机构B,交易员3,机构C,交易员5,104.55,3.56,1163,1215.92,2023-12-02
TR431483,2023-05-24,2023-05-24 11:41:08,Negotiate,国债,债券E,机构D,交易员1,机构C,交易员2,99.41,3.84,6053,6017.29,2023-05-24
TR692863,2023-03-23,2023-03-23 16:10:49,RFQ,政策性金融债,债券B,机构C,交易员3,机构A,交易员4,104.39,4.13,6131,6400.15,2023-03-23
TR687192,2023-05-30,2023-05-30 13:25:23,Negotiate,国债,债券C,机构B,交易员5,机构C,交易员1,98.68,4.65,1059,1045.02,2023-05-30
TR476794,2023-08-18,2023-08-18 12:47:20,Negotiate,政策性金融债,债券C,机构A,交易员4,机构D,交易员2,97.22,4.09,8609,8369.67,2023-08-18
TR448901,2023-07-14,2023-07-14 09:47:14,RFQ,政策性金融债,债券E,机构A,交易员5,机构E,交易员1,104.21,4.1,5375,5601.29,2023-07-14
TR211779,2023-08-17,2023-08-17 16:57:54,RFQ,企业债,债券B,机构B,交易员1,机构C,交易员5,96.25,3.11,8702,8375.67,2023-08-17
TR531506,2023-03-27,2023-03-27 10:33:42,RFQ,政策性金融债,债券D,机构E,交易员1,机构D,交易员3,100.71,3.12,4579,4611.51,2023-03-27
TR262507,2023-10-29,2023-10-29 12:40:32,Negotiate,政策性金融债,债券C,机构E,交易员1,机构B,交易员4,96.13,4.79,2898,2785.85,2023-10-29
TR385404,2023-03-24,2023-03-24 10:17:14,RFQ,企业债,债券B,机构D,交易员5,机构C,交易员3,95.86,4.39,8657,8298.6,2023-03-24
TR253639,2023-12-24,2023-12-24 14:12:19,RFQ,国债,债券A,机构C,交易员3,机构D,交易员1,100.23,3.59,6054,6067.92,2023-12-24
TR788812,2023-08-15,2023-08-15 14:28:14,Negotiate,政策性金融债,债券A,机构D,交易员2,机构E,交易员2,103.66,3.77,3647,3780.48,2023-08-15
TR836071,2023-11-19,2023-11-19 14:33:46,RFQ,政策性金融债,债券A,机构A,交易员4,机构D,交易员4,98.28,3.12,1871,1838.82,2023-11-19
TR529320,2023-02-05,2023-02-05 11:31:47,RFQ,企业债,债券D,机构A,交易员5,机构E,交易员5,103.81,3.81,2904,3014.64,2023-02-05
TR911541,2023-12-30,2023-12-30 10:01:44,Negotiate,政策性金融债,债券D,机构B,交易员3,机构C,交易员2,101.6,3.32,5913,6007.61,2023-12-30
TR203680,2023-02-12,2023-02-12 14:06:56,RFQ,国债,债券A,机构C,交易员4,机构B,交易员1,102.74,2.76,2709,2783.23,2023-02-12
TR620701,2023-01-02,2023-01-02 15:35:56,Negotiate,国债,债券B,机构A,交易员3,机构C,交易员3,99.19,2.64,3689,3659.12,2023-01-02
TR898459,2023-09-24,2023-09-24 15:35:25,Negotiate,企业债,债券E,机构C,交易员5,机构E,交易员2,102.19,2.55,6591,6735.34,2023-09-24
TR577475,2023-12-04,2023-12-04 10:57:45,Negotiate,政策性金融债,债券D,机构D,交易员4,机构A,交易员3,104.48,3.03,5165,5396.39,2023-12-04
TR758892,2023-04-08,2023-04-08 14:51:51,RFQ,企业债,债券D,机构C,交易员3,机构A,交易员4,96.34,3.73,1972,1899.82,2023-04-08
TR112045,2023-12-26,2023-12-26 10:45:16,Negotiate,政策性金融债,债券B,机构D,交易员1,机构E,交易员4,95.51,2.65,8093,7729.62,2023-12-26
TR916684,2023-11-05,2023-11-05 09:47:10,RFQ,政策性金融债,债券A,机构B,交易员2,机构C,交易员5,99.52,4.64,7830,7792.42,2023-11-05
TR446029,2023-07-10,2023-07-10 15:54:08,RFQ,政策性金融债,债券E,机构B,交易员5,机构D,交易员3,95.22,3.28,9233,8791.66,2023-07-10
TR859588,2023-07-18,2023-07-18 15:18:41,RFQ,企业债,债券D,机构A,交易员5,机构B,交易员1,103.85,4.92,9448,9811.75,2023-07-18
TR741022,2023-08-14,2023-08-14 12:00:40,Negotiate,企业债,债券C,机构E,交易员3,机构C,交易员5,96.24,2.56,7128,6859.99,2023-08-14
TR542637,2023-12-26,2023-12-26 11:08:50,Negotiate,国债,债券D,机构D,交易员3,机构E,交易员4,101.12,2.56,9236,9339.44,2023-12-26
TR341142,2023-08-08,2023-08-08 11:10:20,Negotiate,企业债,债券A,机构E,交易员3,机构D,交易员1,104.43,3.67,6598,6890.29,2023-08-08
TR252138,2023-10-06,2023-10-06 12:04:44,RFQ,政策性金融债,债券A,机构A,交易员5,机构D,交易员2,98.97,3.85,7886,7804.77,2023-10-06
TR612701,2023-01-02,2023-01-02 16:00:30,Negotiate,企业债,债券C,机构A,交易员1,机构B,交易员2,96.23,3.06,4954,4767.23,2023-01-02
TR419479,2023-11-23,2023-11-23 12:20:51,Negotiate,国债,债券A,机构A,交易员4,机构B,交易员3,102.54,3.68,1718,1761.64,2023-11-23
TR854075,2023-10-28,2023-10-28 11:35:54,Negotiate,企业债,债券A,机构C,交易员1,机构B,交易员1,104.69,2.72,6060,6344.21,2023-10-28
TR717610,2023-06-07,2023-06-07 12:31:08,RFQ,国债,债券C,机构C,交易员4,机构E,交易员4,104.01,4.92,8060,8383.21,2023-06-07
TR540034,2023-11-14,2023-11-14 09:49:57,Negotiate,政策性金融债,债券E,机构D,交易员5,机构B,交易员5,96.14,4.74,5110,4912.75,2023-11-14
TR852184,2023-09-04,2023-09-04 09:25:38,Negotiate,国债,债券B,机构D,交易员3,机构E,交易员5,97.7,3.77,9352,9136.9,2023-09-04
TR588618,2023-09-30,2023-09-30 13:44:57,RFQ,国债,债券C,机构B,交易员2,机构A,交易员1,103.75,3.54,8554,8874.77,2023-09-30
TR180842,2023-07-30,2023-07-30 13:42:58,Negotiate,国债,债券B,机构A,交易员1,机构D,交易员3,96.5,4.99,3206,3093.79,2023-07-30
TR499319,2023-02-07,2023-02-07 14:38:39,RFQ,政策性金融债,债券E,机构E,交易员1,机构C,交易员4,96.83,2.64,8999,8713.73,2023-02-07
TR805544,2023-05-03,2023-05-03 12:40:32,RFQ,企业债,债券B,机构A,交易员5,机构E,交易员4,103.21,4.16,2761,2849.63,2023-05-03
TR613625,2023-07-12,2023-07-12 11:35:48,Negotiate,国债,债券B,机构C,交易员4,机构E,交易员5,99.84,4.51,6512,6501.58,2023-07-12
TR231391,2023-04-06,2023-04-06 09:56:16,Negotiate,国债,债券C,机构B,交易员2,机构C,交易员4,98.1,3.19,3196,3135.28,2023-04-06
TR497769,2023-12-26,2023-12-26 14:31:17,Negotiate,企业债,债券C,机构D,交易员3,机构E,交易员2,95.38,3.83,3755,3581.52,2023-12-26
TR469117,2023-12-04,2023-12-04 09:03:28,RFQ,国债,债券B,机构B,交易员4,机构A,交易员2,99.08,2.72,9487,9399.72,2023-12-04
TR927708,2023-03-12,2023-03-12 10:59:50,Negotiate,政策性金融债,债券A,机构E,交易员3,机构C,交易员3,103.1,3.91,4477,4615.79,2023-03-12
TR392599,2023-03-06,2023-03-06 11:39:00,RFQ,企业债,债券B,机构E,交易员5,机构A,交易员3,102.16,3.69,5505,5623.91,2023-03-06
TR446982,2023-06-17,2023-06-17 11:53:58,Negotiate,政策性金融债,债券B,机构D,交易员4,机构B,交易员1,96.95,4.87,3472,3366.1,2023-06-17
TR981427,2023-10-26,2023-10-26 15:29:50,Negotiate,企业债,债券C,机构E,交易员4,机构C,交易员2,98.13,2.67,8950,8782.64,2023-10-26
TR675364,2023-07-15,2023-07-15 16:43:43,RFQ,企业债,债券B,机构A,交易员2,机构E,交易员1,104.68,4.88,7189,7525.45,2023-07-15
TR714851,2023-01-25,2023-01-25 12:25:18,Negotiate,企业债,债券B,机构D,交易员4,机构C,交易员1,100.26,2.98,8280,8301.53,2023-01-25
TR231044,2023-04-19,2023-04-19 11:25:55,Negotiate,政策性金融债,债券E,机构A,交易员1,机构D,交易员1,96.33,3.65,5854,5639.16,2023-04-19
TR679371,2023-07-02,2023-07-02 15:25:58,RFQ,政策性金融债,债券A,机构B,交易员5,机构C,交易员3,99.95,4.88,5266,5263.37,2023-07-02
TR427631,2023-09-28,2023-09-28 11:23:57,RFQ,国债,债券A,机构D,交易员2,机构A,交易员1,95.64,4.79,2754,2633.93,2023-09-28
TR756328,2023-05-06,2023-05-06 09:07:43,RFQ,政策性金融债,债券C,机构D,交易员2,机构E,交易员1,100.79,3.03,3581,3609.29,2023-05-06
TR603518,2023-02-05,2023-02-05 11:13:10,RFQ,国债,债券E,机构A,交易员3,机构C,交易员1,96.42,4.42,9805,9453.98,2023-02-05
TR747204,2023-08-28,2023-08-28 16:57:46,RFQ,政策性金融债,债券D,机构D,交易员4,机构E,交易员5,96.12,2.71,8876,8531.61,2023-08-28
TR943973,2023-02-21,2023-02-21 14:40:56,RFQ,政策性金融债,债券C,机构B,交易员4,机构D,交易员5,104.12,3.15,8813,9176.1,2023-02-21
TR992767,2023-01-08,2023-01-08 10:17:09,RFQ,国债,债券E,机构E,交易员1,机构B,交易员5,96.01,4.67,1204,1155.96,2023-01-08
TR103009,2023-06-15,2023-06-15 12:01:45,Negotiate,企业债,债券E,机构B,交易员4,机构C,交易员5,99.77,3.89,7249,7232.33,2023-06-15
TR873786,2023-03-30,2023-03-30 10:11:29,Negotiate,国债,债券B,机构C,交易员2,机构B,交易员2,103.39,3.64,6846,7078.08,2023-03-30
TR105324,2023-05-21,2023-05-21 12:12:04,Negotiate,国债,债券B,机构C,交易员4,机构B,交易员1,95.49,4.71,7426,7091.09,2023-05-21
TR565357,2023-08-30,2023-08-30 11:11:31,RFQ,政策性金融债,债券A,机构E,交易员4,机构C,交易员4,97.47,2.56,9295,9059.84,2023-08-30
TR682622,2023-12-02,2023-12-02 11:46:04,RFQ,政策性金融债,债券C,机构B,交易员4,机构C,交易员3,98.75,2.99,1860,1836.75,2023-12-02
TR780821,2023-01-30,2023-01-30 16:16:57,RFQ,国债,债券D,机构C,交易员4,机构D,交易员3,99.19,3.85,1912,1896.51,2023-01-30
TR968231,2023-10-05,2023-10-05 13:14:19,RFQ,企业债,债券D,机构B,交易员4,机构E,交易员1,101.76,4.52,3853,3920.81,2023-10-05
TR785544,2023-04-13,2023-04-13 15:49:49,RFQ,政策性金融债,债券E,机构A,交易员2,机构B,交易员1,102.34,3.12,9661,9887.07,2023-04-13
TR155510,2023-05-13,2023-05-13 14:03:35,RFQ,企业债,债券C,机构E,交易员1,机构A,交易员1,98.82,4.85,2871,2837.12,2023-05-13
TR137084,2023-08-09,2023-08-09 13:25:37,Negotiate,国债,债券A,机构B,交易员3,机构A,交易员1,100.48,4.77,1580,1587.58,2023-08-09
TR428387,2023-10-03,2023-10-03 12:19:01,Negotiate,政策性金融债,债券E,机构B,交易员3,机构E,交易员2,103.42,3.59,8636,8931.35,2023-10-03
TR592016,2023-05-03,2023-05-03 16:44:43,RFQ,企业债,债券D,机构E,交易员1,机构B,交易员1,101.89,2.73,2814,2867.18,2023-05-03
TR341007,2023-10-12,2023-10-12 13:49:07,Negotiate,企业债,债券A,机构D,交易员1,机构C,交易员2,95.1,3.01,8292,7885.69,2023-10-12
TR318315,2023-06-16,2023-06-16 11:37:19,RFQ,企业债,债券E,机构E,交易员5,机构B,交易员3,99.96,3.06,3289,3287.68,2023-06-16
TR400257,2023-12-26,2023-12-26 15:11:46,Negotiate,国债,债券A,机构E,交易员4,机构B,交易员2,103.38,3.58,9592,9916.21,2023-12-26
TR960103,2023-09-30,2023-09-30 13:45:38,Negotiate,国债,债券A,机构B,交易员3,机构A,交易员4,100.07,3.04,3084,3086.16,2023-09-30
TR172655,2023-08-16,2023-08-16 14:09:52,Negotiate,企业债,债券B,机构B,交易员1,机构E,交易员5,97.91,3.98,8585,8405.57,2023-08-16
TR873250,2023-09-17,2023-09-17 16:39:02,RFQ,政策性金融债,债券C,机构A,交易员5,机构C,交易员2,104.29,4.36,2057,2145.25,2023-09-17
TR618315,2023-11-01,2023-11-01 14:40:04,Negotiate,国债,债券B,机构E,交易员1,机构A,交易员1,96.76,4.26,4036,3905.23,2023-11-01
TR196003,2023-03-08,2023-03-08 13:14:56,RFQ,国债,债券A,机构E,交易员4,机构A,交易员3,95.49,2.59,3549,3388.94,2023-03-08
TR202517,2023-07-18,2023-07-18 09:18:56,Negotiate,企业债,债券E,机构A,交易员5,机构B,交易员1,96.53,4.68,5121,4943.3,2023-07-18
TR233741,2023-03-12,2023-03-12 14:08:37,RFQ,政策性金融债,债券E,机构A,交易员2,机构C,交易员1,95.55,4.38,2138,2042.86,2023-03-12
TR101451,2023-03-16,2023-03-16 15:24:09,RFQ,政策性金融债,债券E,机构D,交易员5,机构C,交易员2,95.44,4.83,2319,2213.25,2023-03-16
TR792919,2023-08-20,2023-08-20 09:19:36,RFQ,企业债,债券A,机构E,交易员3,机构A,交易员2,103.08,3.66,6687,6892.96,2023-08-20
TR126524,2023-11-17,2023-11-17 12:02:38,RFQ,国债,债券D,机构B,交易员2,机构C,交易员2,97.8,4.09,9723,9509.09,2023-11-17
TR785096,2023-12-10,2023-12-10 11:55:11,Negotiate,企业债,债券C,机构A,交易员2,机构D,交易员5,102.34,3.73,2300,2353.82,2023-12-10
TR504994,2023-07-04,2023-07-04 16:25:28,Negotiate,企业债,债券D,机构E,交易员1,机构A,交易员1,96.44,3.1,2478,2389.78,2023-07-04
TR736202,2023-02-14,2023-02-14 15:22:38,RFQ,政策性金融债,债券C,机构E,交易员5,机构C,交易员5,97.64,4.66,4075,3978.83,2023-02-14
TR861584,2023-07-26,2023-07-26 16:04:16,Negotiate,企业债,债券C,机构E,交易员4,机构B,交易员2,101.9,4.0,6980,7112.62,2023-07-26
TR585393,2023-08-01,2023-08-01 15:13:57,RFQ,国债,债券C,机构B,交易员2,机构E,交易员5,99.72,4.47,7727,7705.36,2023-08-01
TR773910,2023-02-23,2023-02-23 15:55:41,RFQ,企业债,债券E,机构A,交易员4,机构E,交易员2,97.36,2.83,4889,4759.93,2023-02-23
TR280930,2023-07-24,2023-07-24 16:41:35,RFQ,企业债,债券B,机构E,交易员3,机构A,交易员3,102.92,3.6,2978,3064.96,2023-07-24
TR215037,2023-11-02,2023-11-02 13:47:30,RFQ,企业债,债券D,机构A,交易员2,机构E,交易员5,104.55,4.45,4741,4956.72,2023-11-02
TR746429,2023-11-24,2023-11-24 11:21:26,Negotiate,企业债,债券A,机构E,交易员5,机构D,交易员4,98.12,2.71,7963,7813.3,2023-11-24
TR129637,2023-11-21,2023-11-21 10:38:17,RFQ,企业债,债券B,机构C,交易员4,机构B,交易员1,100.94,3.15,5023,5070.22,2023-11-21
TR782463,2023-07-22,2023-07-22 15:21:35,RFQ,企业债,债券E,机构C,交易员4,机构A,交易员5,102.02,3.64,5453,5563.15,2023-07-22
TR444182,2023-05-10,2023-05-10 11:22:25,Negotiate,企业债,债券A,机构B,交易员2,机构E,交易员5,104.96,3.33,7714,8096.61,2023-05-10
TR238578,2023-01-28,2023-01-28 13:12:05,RFQ,国债,债券D,机构E,交易员2,机构C,交易员5,96.11,4.77,2978,2862.16,2023-01-28
TR143135,2023-03-17,2023-03-17 13:41:09,Negotiate,企业债,债券E,机构A,交易员4,机构C,交易员2,100.73,3.4,7851,7908.31,2023-03-17
TR580080,2023-03-06,2023-03-06 15:46:34,RFQ,政策性金融债,债券C,机构D,交易员4,机构B,交易员4,95.77,4.29,2241,2146.21,2023-03-06
TR187923,2023-12-12,2023-12-12 14:18:35,RFQ,国债,债券A,机构E,交易员3,机构B,交易员1,95.46,2.95,6966,6649.74,2023-12-12
TR668645,2023-04-21,2023-04-21 15:01:42,RFQ,国债,债券A,机构B,交易员5,机构A,交易员5,100.36,4.57,4422,4437.92,2023-04-21
TR224506,2023-08-21,2023-08-21 10:13:39,RFQ,企业债,债券D,机构C,交易员4,机构B,交易员1,96.5,3.12,1775,1712.88,2023-08-21
TR825195,2023-02-02,2023-02-02 09:45:21,RFQ,企业债,债券C,机构A,交易员1,机构B,交易员1,96.18,4.57,7174,6899.95,2023-02-02
TR125985,2023-11-08,2023-11-08 16:25:23,Negotiate,企业债,债券B,机构B,交易员5,机构A,交易员2,98.84,4.68,5443,5379.86,2023-11-08
TR698643,2023-10-27,2023-10-27 12:21:18,Negotiate,企业债,债券D,机构D,交易员2,机构A,交易员2,98.23,3.92,7717,7580.41,2023-10-27
TR511810,2023-07-24,2023-07-24 14:39:16,Negotiate,政策性金融债,债券D,机构B,交易员4,机构A,交易员2,101.72,3.46,1824,1855.37,2023-07-24
TR903589,2023-10-15,2023-10-15 13:29:50,Negotiate,政策性金融债,债券C,机构C,交易员2,机构D,交易员5,101.2,4.62,3737,3781.84,2023-10-15
TR930113,2023-10-29,2023-10-29 12:59:20,Negotiate,企业债,债券A,机构C,交易员2,机构E,交易员5,103.76,3.35,9671,10034.63,2023-10-29
TR834838,2023-12-10,2023-12-10 12:04:29,Negotiate,政策性金融债,债券D,机构D,交易员3,机构A,交易员1,101.24,3.77,6790,6874.2,2023-12-10
TR484395,2023-05-27,2023-05-27 15:02:55,Negotiate,政策性金融债,债券B,机构A,交易员3,机构E,交易员3,104.12,4.97,3656,3806.63,2023-05-27
TR899206,2023-04-25,2023-04-25 16:08:22,Negotiate,国债,债券C,机构D,交易员1,机构E,交易员4,103.35,2.71,3978,4111.26,2023-04-25
TR289807,2023-12-27,2023-12-27 16:52:28,RFQ,企业债,债券C,机构E,交易员2,机构B,交易员3,96.62,3.61,2253,2176.85,2023-12-27
TR830160,2023-02-09,2023-02-09 16:43:22,RFQ,企业债,债券E,机构E,交易员1,机构A,交易员3,97.51,2.76,5711,5568.8,2023-02-09
TR918564,2023-05-11,2023-05-11 16:41:14,Negotiate,国债,债券D,机构A,交易员2,机构C,交易员1,96.06,3.69,2469,2371.72,2023-05-11
TR150968,2023-06-18,2023-06-18 16:36:57,RFQ,企业债,债券E,机构E,交易员3,机构B,交易员4,99.49,4.76,9655,9605.76,2023-06-18
TR607884,2023-08-05,2023-08-05 13:12:55,RFQ,政策性金融债,债券D,机构B,交易员3,机构A,交易员3,96.23,2.99,9274,8924.37,2023-08-05
TR113098,2023-06-22,2023-06-22 11:36:42,RFQ,政策性金融债,债券C,机构C,交易员2,机构A,交易员3,95.38,3.27,1771,1689.18,2023-06-22
TR543508,2023-01-17,2023-01-17 13:42:19,Negotiate,企业债,债券E,机构C,交易员3,机构B,交易员2,96.83,3.21,5207,5041.94,2023-01-17
TR233209,2023-04-15,2023-04-15 11:49:59,RFQ,国债,债券C,机构E,交易员1,机构D,交易员1,96.91,3.44,8881,8606.58,2023-04-15
TR932017,2023-05-19,2023-05-19 09:49:36,Negotiate,政策性金融债,债券C,机构E,交易员1,机构A,交易员3,100.97,2.65,3322,3354.22,2023-05-19
TR932997,2023-11-14,2023-11-14 10:00:00,Negotiate,国债,债券D,机构D,交易员1,机构B,交易员2,95.14,3.08,7235,6883.38,2023-11-14
TR838344,2023-11-13,2023-11-13 14:48:25,Negotiate,国债,债券C,机构C,交易员5,机构B,交易员5,101.62,3.86,4098,4164.39,2023-11-13
TR529034,2023-10-19,2023-10-19 10:44:02,Negotiate,企业债,债券C,机构C,交易员1,机构A,交易员5,96.42,3.49,6486,6253.8,2023-10-19
TR477368,2023-05-11,2023-05-11 12:52:15,Negotiate,企业债,债券D,机构C,交易员2,机构D,交易员4,95.2,4.75,1050,999.6,2023-05-11
TR862423,2023-08-08,2023-08-08 10:05:32,Negotiate,国债,债券D,机构C,交易员4,机构A,交易员3,101.42,4.33,5432,5509.13,2023-08-08
TR498076,2023-12-15,2023-12-15 12:15:36,RFQ,国债,债券A,机构B,交易员3,机构E,交易员1,98.39,2.86,5041,4959.84,2023-12-15
TR245203,2023-03-18,2023-03-18 09:04:54,Negotiate,国债,债券D,机构D,交易员1,机构E,交易员2,96.07,4.55,1689,1622.62,2023-03-18
TR147601,2023-06-30,2023-06-30 10:54:12,Negotiate,企业债,债券B,机构D,交易员1,机构A,交易员2,96.58,3.84,1750,1690.15,2023-06-30
TR283927,2023-08-30,2023-08-30 12:46:23,Negotiate,企业债,债券B,机构B,交易员3,机构E,交易员1,100.85,4.98,6556,6611.73,2023-08-30
TR339164,2023-09-02,2023-09-02 13:52:50,Negotiate,政策性金融债,债券B,机构B,交易员2,机构C,交易员3,97.74,2.52,8898,8696.91,2023-09-02
TR803173,2023-11-29,2023-11-29 12:19:27,RFQ,政策性金融债,债券B,机构A,交易员3,机构C,交易员1,100.42,3.89,7904,7937.2,2023-11-29
TR666082,2023-06-19,2023-06-19 11:12:37,Negotiate,国债,债券B,机构E,交易员4,机构D,交易员4,102.79,2.53,1774,1823.49,2023-06-19
TR771975,2023-07-15,2023-07-15 13:37:25,Negotiate,国债,债券E,机构A,交易员5,机构B,交易员1,104.18,4.15,3465,3609.84,2023-07-15
TR543367,2023-01-25,2023-01-25 11:27:46,RFQ,企业债,债券D,机构A,交易员5,机构D,交易员1,101.57,2.68,9213,9357.64,2023-01-25
TR545349,2023-12-22,2023-12-22 10:15:25,Negotiate,企业债,债券D,机构E,交易员3,机构C,交易员1,96.09,3.05,3593,3452.51,2023-12-22
TR444588,2023-08-23,2023-08-23 13:32:56,Negotiate,国债,债券E,机构C,交易员4,机构B,交易员5,103.75,2.6,3010,3122.88,2023-08-23
TR386610,2023-08-23,2023-08-23 15:58:44,RFQ,政策性金融债,债券A,机构D,交易员4,机构E,交易员2,100.38,3.93,7121,7148.06,2023-08-23
TR420971,2023-08-06,2023-08-06 11:57:09,RFQ,国债,债券D,机构B,交易员2,机构D,交易员3,96.26,3.54,8441,8125.31,2023-08-06
TR503185,2023-03-21,2023-03-21 12:25:07,RFQ,国债,债券D,机构C,交易员2,机构D,交易员3,101.97,2.7,8918,9093.68,2023-03-21
TR525318,2023-07-10,2023-07-10 09:14:41,Negotiate,企业债,债券E,机构D,交易员2,机构C,交易员5,100.47,3.19,6536,6566.72,2023-07-10
TR690624,2023-03-16,2023-03-16 12:11:19,Negotiate,政策性金融债,债券E,机构C,交易员1,机构B,交易员1,96.22,3.79,5361,5158.35,2023-03-16
TR412377,2023-07-13,2023-07-13 15:12:35,Negotiate,政策性金融债,债券E,机构A,交易员3,机构C,交易员2,97.88,4.1,5857,5732.83,2023-07-13
TR829067,2023-10-21,2023-10-21 16:01:10,RFQ,国债,债券E,机构C,交易员1,机构D,交易员2,100.62,2.85,1994,2006.36,2023-10-21
TR130860,2023-03-01,2023-03-01 16:48:39,RFQ,国债,债券D,机构A,交易员2,机构B,交易员4,95.0,2.87,8130,7723.5,2023-03-01
TR233816,2023-02-04,2023-02-04 15:36:58,RFQ,国债,债券A,机构A,交易员4,机构C,交易员4,95.81,3.56,3816,3656.11,2023-02-04
TR699831,2023-04-18,2023-04-18 13:17:35,RFQ,国债,债券C,机构D,交易员4,机构C,交易员3,100.85,4.31,4478,4516.06,2023-04-18
TR132392,2023-10-25,2023-10-25 16:36:17,RFQ,国债,债券D,机构A,交易员3,机构E,交易员3,102.88,4.2,7179,7385.76,2023-10-25
TR193500,2023-07-15,2023-07-15 13:42:21,Negotiate,国债,债券C,机构B,交易员2,机构D,交易员2,96.84,4.77,2081,2015.24,2023-07-15
TR153869,2023-01-20,2023-01-20 11:22:01,RFQ,企业债,债券D,机构E,交易员2,机构C,交易员5,102.78,4.1,2692,2766.84,2023-01-20
TR471841,2023-12-31,2023-12-31 10:46:25,RFQ,企业债,债券C,机构E,交易员2,机构C,交易员3,99.34,3.11,9211,9150.21,2023-12-31
TR289640,2023-02-21,2023-02-21 13:04:42,Negotiate,国债,债券B,机构D,交易员4,机构B,交易员3,101.9,3.83,4592,4679.25,2023-02-21
TR292260,2023-02-05,2023-02-05 15:07:12,RFQ,企业债,债券B,机构C,交易员4,机构B,交易员5,95.75,4.05,2492,2386.09,2023-02-05
TR978490,2023-01-12,2023-01-12 11:27:24,Negotiate,政策性金融债,债券A,机构E,交易员5,机构A,交易员2,99.93,4.3,2493,2491.25,2023-01-12
TR261911,2023-01-05,2023-01-05 09:01:30,RFQ,国债,债券E,机构D,交易员3,机构E,交易员2,100.09,3.91,7368,7374.63,2023-01-05
TR252258,2023-07-16,2023-07-16 12:46:04,RFQ,企业债,债券C,机构B,交易员2,机构C,交易员2,99.81,3.57,1665,1661.84,2023-07-16
TR266765,2023-02-08,2023-02-08 16:35:39,RFQ,国债,债券E,机构B,交易员2,机构E,交易员2,97.48,3.55,7962,7761.36,2023-02-08
TR776350,2023-07-25,2023-07-25 11:40:37,RFQ,国债,债券C,机构E,交易员2,机构A,交易员5,100.75,4.58,4788,4823.91,2023-07-25
TR181506,2023-11-03,2023-11-03 11:33:53,RFQ,国债,债券A,机构E,交易员5,机构D,交易员5,104.8,4.7,7311,7661.93,2023-11-03
TR970251,2023-09-17,2023-09-17 13:00:34,RFQ,政策性金融债,债券C,机构C,交易员3,机构B,交易员3,96.52,4.27,7124,6876.08,2023-09-17
TR425887,2023-03-17,2023-03-17 13:53:39,RFQ,企业债,债券E,机构E,交易员5,机构C,交易员1,96.9,4.37,7210,6986.49,2023-03-17
TR485908,2023-02-26,2023-02-26 16:50:55,Negotiate,政策性金融债,债券E,机构A,交易员5,机构E,交易员3,96.6,3.28,3274,3162.68,2023-02-26
TR270104,2023-01-22,2023-01-22 12:18:41,RFQ,国债,债券D,机构A,交易员2,机构D,交易员5,101.86,4.72,4277,4356.55,2023-01-22
TR326460,2023-05-13,2023-05-13 11:44:04,RFQ,企业债,债券E,机构E,交易员4,机构D,交易员3,96.85,3.03,4915,4760.18,2023-05-13
TR110034,2023-07-30,2023-07-30 13:10:18,Negotiate,企业债,债券E,机构E,交易员1,机构A,交易员1,100.32,3.02,1291,1295.13,2023-07-30
TR717880,2023-08-14,2023-08-14 12:56:51,Negotiate,国债,债券B,机构A,交易员1,机构E,交易员3,98.98,2.85,7272,7197.83,2023-08-14
TR230643,2023-09-09,2023-09-09 14:33:13,Negotiate,企业债,债券D,机构C,交易员4,机构E,交易员5,98.23,3.81,3164,3108.0,2023-09-09
TR383610,2023-05-09,2023-05-09 15:09:08,Negotiate,政策性金融债,债券E,机构D,交易员1,机构B,交易员1,96.87,2.62,6534,6329.49,2023-05-09
TR350670,2023-05-16,2023-05-16 10:24:25,Negotiate,国债,债券E,机构D,交易员2,机构E,交易员1,104.0,4.82,2240,2329.6,2023-05-16
TR860499,2023-03-29,2023-03-29 10:15:55,Negotiate,企业债,债券C,机构C,交易员5,机构E,交易员4,102.02,3.79,6335,6462.97,2023-03-29
TR168053,2023-11-17,2023-11-17 09:10:23,Negotiate,企业债,债券A,机构C,交易员3,机构D,交易员4,100.47,4.72,8371,8410.34,2023-11-17
TR507402,2023-12-13,2023-12-13 15:07:29,Negotiate,国债,债券B,机构C,交易员1,机构A,交易员4,103.23,3.74,5728,5913.01,2023-12-13
TR385241,2023-04-01,2023-04-01 15:18:47,RFQ,国债,债券E,机构D,交易员5,机构E,交易员1,103.34,2.61,1684,1740.25,2023-04-01
TR413334,2023-11-28,2023-11-28 10:48:53,Negotiate,企业债,债券B,机构A,交易员4,机构B,交易员3,101.75,4.63,8144,8286.52,2023-11-28
TR251409,2023-10-07,2023-10-07 09:04:26,Negotiate,企业债,债券B,机构D,交易员3,机构E,交易员3,95.72,3.37,3587,3433.48,2023-10-07
TR830512,2023-11-20,2023-11-20 11:09:23,RFQ,政策性金融债,债券B,机构E,交易员4,机构A,交易员5,103.08,3.17,1332,1373.03,2023-11-20
TR245726,2023-10-27,2023-10-27 09:57:58,Negotiate,政策性金融债,债券E,机构D,交易员3,机构C,交易员2,103.13,3.16,9533,9831.38,2023-10-27
TR361104,2023-12-12,2023-12-12 10:08:40,RFQ,政策性金融债,债券A,机构B,交易员5,机构D,交易员1,96.46,2.96,4231,4081.22,2023-12-12
TR863318,2023-12-10,2023-12-10 10:23:47,RFQ,企业债,债券D,机构E,交易员2,机构A,交易员1,104.61,4.77,3955,4137.33,2023-12-10
TR155031,2023-07-31,2023-07-31 09:26:54,Negotiate,政策性金融债,债券E,机构E,交易员4,机构B,交易员4,95.31,3.32,6466,6162.74,2023-07-31
TR316156,2023-02-08,2023-02-08 10:14:57,Negotiate,政策性金融债,债券B,机构C,交易员2,机构E,交易员3,100.8,4.69,9842,9920.74,2023-02-08
TR135566,2023-10-24,2023-10-24 09:06:42,RFQ,国债,债券A,机构D,交易员2,机构B,交易员4,101.83,4.29,1031,1049.87,2023-10-24
TR446573,2023-06-10,2023-06-10 11:39:20,Negotiate,企业债,债券D,机构A,交易员3,机构B,交易员3,103.74,4.88,7892,8187.16,2023-06-10
TR431046,2023-05-13,2023-05-13 09:58:30,RFQ,政策性金融债,债券C,机构D,交易员5,机构A,交易员5,96.45,3.7,9957,9603.53,2023-05-13
TR827040,2023-10-30,2023-10-30 11:26:13,RFQ,国债,债券D,机构C,交易员1,机构B,交易员1,100.52,2.69,3077,3093.0,2023-10-30
TR863908,2023-12-13,2023-12-13 09:32:55,Negotiate,政策性金融债,债券E,机构B,交易员1,机构E,交易员2,100.62,3.29,1533,1542.5,2023-12-13
TR780844,2023-08-23,2023-08-23 15:30:02,RFQ,国债,债券B,机构A,交易员1,机构C,交易员5,104.48,4.29,6444,6732.69,2023-08-23
TR733934,2023-08-13,2023-08-13 09:49:13,RFQ,企业债,债券A,机构B,交易员2,机构C,交易员1,99.09,4.03,7223,7157.27,2023-08-13
TR783767,2023-08-16,2023-08-16 14:59:21,RFQ,国债,债券B,机构B,交易员2,机构D,交易员4,104.5,3.39,3498,3655.41,2023-08-16
TR239400,2023-12-24,2023-12-24 10:15:01,RFQ,政策性金融债,债券B,机构D,交易员2,机构A,交易员5,101.45,4.38,6156,6245.26,2023-12-24
TR211441,2023-12-27,2023-12-27 15:59:45,Negotiate,政策性金融债,债券C,机构A,交易员3,机构E,交易员4,101.65,3.59,3498,3555.72,2023-12-27
TR593054,2023-11-15,2023-11-15 09:01:58,RFQ,企业债,债券C,机构A,交易员5,机构E,交易员3,103.78,2.91,3662,3800.42,2023-11-15
TR493247,2023-01-05,2023-01-05 11:55:54,Negotiate,政策性金融债,债券E,机构E,交易员2,机构B,交易员1,100.97,3.19,4802,4848.58,2023-01-05
TR992135,2023-08-13,2023-08-13 15:27:27,Negotiate,国债,债券B,机构E,交易员3,机构B,交易员5,95.04,3.72,1463,1390.44,2023-08-13
TR825298,2023-07-20,2023-07-20 16:36:59,RFQ,企业债,债券C,机构E,交易员4,机构D,交易员4,100.46,4.74,1450,1456.67,2023-07-20
TR170069,2023-04-09,2023-04-09 16:00:23,Negotiate,国债,债券D,机构C,交易员3,机构B,交易员4,98.79,2.68,8867,8759.71,2023-04-09
TR595655,2023-07-03,2023-07-03 16:56:59,Negotiate,企业债,债券D,机构E,交易员3,机构D,交易员3,95.48,4.01,8000,7638.4,2023-07-03
TR146030,2023-02-10,2023-02-10 12:11:50,RFQ,政策性金融债,债券B,机构C,交易员1,机构D,交易员2,95.96,3.3,2753,2641.78,2023-02-10
TR282101,2023-04-01,2023-04-01 16:46:53,Negotiate,国债,债券A,机构B,交易员1,机构C,交易员3,96.88,3.3,4724,4576.61,2023-04-01
TR552364,2023-06-19,2023-06-19 12:07:17,Negotiate,政策性金融债,债券A,机构E,交易员2,机构C,交易员5,99.87,2.92,6326,6317.78,2023-06-19
TR524143,2023-06-23,2023-06-23 09:46:48,Negotiate,国债,债券C,机构A,交易员1,机构C,交易员1,101.87,2.71,2387,2431.64,2023-06-23
TR934187,2023-10-17,2023-10-17 11:31:46,RFQ,政策性金融债,债券A,机构E,交易员1,机构A,交易员3,97.02,3.57,9303,9025.77,2023-10-17
TR728406,2023-06-05,2023-06-05 16:58:56,Negotiate,政策性金融债,债券C,机构A,交易员2,机构D,交易员4,99.45,4.32,9773,9719.25,2023-06-05
TR392262,2023-01-23,2023-01-23 10:49:59,Negotiate,国债,债券D,机构C,交易员3,机构D,交易员2,96.52,3.14,9110,8792.97,2023-01-23
TR611969,2023-05-19,2023-05-19 16:36:21,RFQ,国债,债券A,机构A,交易员2,机构E,交易员2,96.92,3.29,5254,5092.18,2023-05-19
TR671373,2023-04-16,2023-04-16 09:54:46,Negotiate,国债,债券B,机构C,交易员2,机构D,交易员1,100.73,4.5,9026,9091.89,2023-04-16
TR113841,2023-12-13,2023-12-13 11:09:40,RFQ,国债,债券A,机构C,交易员1,机构B,交易员1,101.48,4.66,4484,4550.36,2023-12-13
TR339457,2023-06-03,2023-06-03 14:21:40,Negotiate,政策性金融债,债券A,机构A,交易员1,机构B,交易员3,99.27,4.32,3076,3053.55,2023-06-03
TR954929,2023-10-13,2023-10-13 15:33:46,Negotiate,国债,债券E,机构C,交易员4,机构D,交易员4,100.66,3.27,3960,3986.14,2023-10-13
TR444978,2023-12-03,2023-12-03 13:52:24,RFQ,国债,债券E,机构A,交易员3,机构E,交易员4,95.73,4.43,9243,8848.32,2023-12-03
TR941388,2023-05-24,2023-05-24 14:45:00,Negotiate,企业债,债券C,机构E,交易员4,机构D,交易员5,100.76,2.96,5399,5440.03,2023-05-24
TR861542,2023-03-07,2023-03-07 12:59:39,RFQ,企业债,债券B,机构D,交易员5,机构C,交易员5,95.4,3.49,2386,2276.24,2023-03-07
TR100068,2023-11-29,2023-11-29 16:37:14,RFQ,国债,债券C,机构D,交易员5,机构E,交易员1,95.0,4.4,1810,1719.5,2023-11-29
TR932290,2023-10-11,2023-10-11 11:53:59,RFQ,政策性金融债,债券D,机构A,交易员3,机构B,交易员2,97.04,3.35,8706,8448.3,2023-10-11
TR594986,2023-04-25,2023-04-25 12:37:11,RFQ,政策性金融债,债券C,机构C,交易员3,机构B,交易员1,99.39,3.29,7835,7787.21,2023-04-25
TR829860,2023-02-11,2023-02-11 09:30:37,RFQ,企业债,债券A,机构A,交易员5,机构D,交易员2,101.99,3.99,3827,3903.16,2023-02-11
TR860238,2023-04-25,2023-04-25 14:41:33,Negotiate,政策性金融债,债券A,机构A,交易员4,机构B,交易员1,102.64,3.72,4242,4353.99,2023-04-25
TR653101,2023-05-20,2023-05-20 16:56:16,Negotiate,政策性金融债,债券C,机构C,交易员5,机构B,交易员5,100.34,4.62,8601,8630.24,2023-05-20
TR544331,2023-12-29,2023-12-29 11:13:58,Negotiate,国债,债券C,机构A,交易员2,机构C,交易员2,101.18,3.03,1693,1712.98,2023-12-29
TR778725,2023-08-13,2023-08-13 10:34:22,RFQ,政策性金融债,债券B,机构E,交易员2,机构C,交易员4,98.08,3.56,7663,7515.87,2023-08-13
TR232909,2023-07-30,2023-07-30 10:21:59,RFQ,企业债,债券E,机构D,交易员1,机构A,交易员3,104.55,4.59,5768,6030.44,2023-07-30
TR718185,2023-07-05,2023-07-05 12:32:13,Negotiate,国债,债券C,机构A,交易员5,机构D,交易员1,95.91,4.66,2760,2647.12,2023-07-05
TR768923,2023-03-13,2023-03-13 15:43:57,RFQ,国债,债券C,机构D,交易员4,机构E,交易员4,95.96,2.87,8440,8099.02,2023-03-13
TR998256,2023-05-09,2023-05-09 13:29:44,Negotiate,企业债,债券C,机构C,交易员2,机构D,交易员1,96.49,4.8,5170,4988.53,2023-05-09
TR142311,2023-10-24,2023-10-24 12:38:05,Negotiate,政策性金融债,债券D,机构E,交易员4,机构B,交易员5,103.69,3.34,1577,1635.19,2023-10-24
TR804032,2023-09-27,2023-09-27 15:18:42,RFQ,政策性金融债,债券B,机构E,交易员5,机构A,交易员1,101.5,4.43,2668,2708.02,2023-09-27
TR688461,2023-09-08,2023-09-08 10:28:31,Negotiate,政策性金融债,债券B,机构A,交易员2,机构B,交易员2,103.81,3.8,5829,6051.08,2023-09-08
TR954867,2023-07-31,2023-07-31 09:37:50,RFQ,政策性金融债,债券E,机构D,交易员3,机构B,交易员1,100.01,3.71,3152,3152.32,2023-07-31
TR143862,2023-04-03,2023-04-03 11:42:35,RFQ,国债,债券E,机构A,交易员1,机构D,交易员1,104.45,4.36,9539,9963.49,2023-04-03
TR741592,2023-03-07,2023-03-07 14:38:55,RFQ,国债,债券D,机构B,交易员3,机构A,交易员2,103.34,4.06,1468,1517.03,2023-03-07
TR424153,2023-11-05,2023-11-05 11:31:26,Negotiate,政策性金融债,债券A,机构C,交易员4,机构A,交易员1,99.27,3.44,4783,4748.08,2023-11-05
TR718769,2023-05-10,2023-05-10 15:40:53,Negotiate,政策性金融债,债券D,机构B,交易员3,机构A,交易员1,104.87,4.62,6575,6895.2,2023-05-10
TR894906,2023-08-05,2023-08-05 10:35:53,Negotiate,国债,债券D,机构B,交易员4,机构C,交易员5,104.65,3.52,8777,9185.13,2023-08-05
TR336489,2023-08-20,2023-08-20 09:45:03,RFQ,国债,债券D,机构E,交易员3,机构A,交易员1,104.63,4.5,9309,9740.01,2023-08-20
TR972210,2023-12-03,2023-12-03 11:36:32,Negotiate,企业债,债券D,机构A,交易员5,机构B,交易员5,104.8,2.95,9432,9884.74,2023-12-03
TR196998,2023-10-12,2023-10-12 10:01:33,Negotiate,企业债,债券D,机构C,交易员3,机构A,交易员5,99.31,2.59,7300,7249.63,2023-10-12
TR140005,2023-12-10,2023-12-10 15:12:01,Negotiate,政策性金融债,债券D,机构A,交易员4,机构E,交易员4,102.34,3.36,5355,5480.31,2023-12-10
TR374706,2023-04-14,2023-04-14 11:36:58,Negotiate,企业债,债券E,机构C,交易员2,机构B,交易员1,103.42,4.68,4363,4512.21,2023-04-14
TR197161,2023-01-16,2023-01-16 10:43:11,RFQ,企业债,债券C,机构A,交易员1,机构C,交易员4,100.72,3.32,8580,8641.78,2023-01-16
TR710096,2023-06-29,2023-06-29 11:44:13,RFQ,企业债,债券E,机构A,交易员2,机构D,交易员3,98.0,2.67,6273,6147.54,2023-06-29
TR255025,2023-06-23,2023-06-23 12:57:24,Negotiate,国债,债券A,机构C,交易员5,机构D,交易员1,99.75,4.45,7669,7649.83,2023-06-23
TR675515,2023-07-10,2023-07-10 14:41:40,RFQ,政策性金融债,债券C,机构E,交易员3,机构A,交易员5,104.89,2.71,9227,9678.2,2023-07-10
TR138371,2023-03-13,2023-03-13 09:50:52,Negotiate,国债,债券E,机构C,交易员2,机构D,交易员5,104.04,3.3,3338,3472.86,2023-03-13
TR308252,2023-09-28,2023-09-28 10:03:37,Negotiate,企业债,债券C,机构D,交易员4,机构C,交易员2,97.92,4.39,5712,5593.19,2023-09-28
TR521108,2023-05-25,2023-05-25 12:01:49,RFQ,企业债,债券D,机构E,交易员3,机构C,交易员4,99.78,4.14,9714,9692.63,2023-05-25
TR572789,2023-12-01,2023-12-01 16:31:13,Negotiate,国债,债券A,机构A,交易员2,机构B,交易员3,103.15,3.84,5829,6012.61,2023-12-01
TR535463,2023-08-23,2023-08-23 10:33:53,Negotiate,企业债,债券E,机构A,交易员1,机构E,交易员4,103.21,3.19,9891,10208.5,2023-08-23
TR458495,2023-10-07,2023-10-07 15:41:32,Negotiate,企业债,债券E,机构B,交易员2,机构E,交易员2,96.86,3.2,5004,4846.87,2023-10-07
TR932364,2023-11-01,2023-11-01 13:24:49,RFQ,政策性金融债,债券A,机构B,交易员2,机构E,交易员1,100.93,4.67,8619,8699.16,2023-11-01
TR912240,2023-07-08,2023-07-08 13:30:06,RFQ,政策性金融债,债券E,机构A,交易员3,机构E,交易员4,98.4,2.52,3930,3867.12,2023-07-08
TR957256,2023-06-10,2023-06-10 10:55:13,RFQ,国债,债券B,机构C,交易员3,机构B,交易员4,99.7,3.75,4420,4406.74,2023-06-10
TR750777,2023-04-10,2023-04-10 16:07:29,RFQ,国债,债券C,机构A,交易员3,机构E,交易员3,97.13,4.27,5127,4979.86,2023-04-10
TR366999,2023-02-22,2023-02-22 10:45:08,RFQ,政策性金融债,债券C,机构E,交易员3,机构C,交易员5,95.07,4.49,7167,6813.67,2023-02-22
TR503928,2023-07-25,2023-07-25 12:48:26,RFQ,企业债,债券D,机构C,交易员2,机构A,交易员3,103.89,3.24,8826,9169.33,2023-07-25
TR688144,2023-10-21,2023-10-21 16:43:16,Negotiate,企业债,债券C,机构E,交易员4,机构D,交易员1,98.2,3.14,5277,5182.01,2023-10-21
TR717215,2023-06-21,2023-06-21 10:11:06,Negotiate,企业债,债券A,机构C,交易员2,机构E,交易员3,95.54,3.0,8944,8545.1,2023-06-21
TR493283,2023-08-09,2023-08-09 16:40:09,RFQ,国债,债券B,机构A,交易员1,机构E,交易员4,96.69,3.88,5873,5678.6,2023-08-09
TR563203,2023-05-29,2023-05-29 15:59:35,Negotiate,企业债,债券A,机构C,交易员1,机构A,交易员5,104.69,4.52,5036,5272.19,2023-05-29
TR722400,2023-03-11,2023-03-11 09:42:55,RFQ,政策性金融债,债券E,机构A,交易员2,机构B,交易员1,100.46,3.2,4184,4203.25,2023-03-11
TR336891,2023-07-07,2023-07-07 11:22:28,RFQ,国债,债券E,机构B,交易员5,机构C,交易员5,97.79,2.74,5156,5042.05,2023-07-07
TR278163,2023-12-30,2023-12-30 11:28:04,Negotiate,国债,债券D,机构E,交易员4,机构C,交易员3,99.54,4.8,5535,5509.54,2023-12-30
TR433488,2023-10-20,2023-10-20 14:07:46,RFQ,企业债,债券B,机构D,交易员1,机构C,交易员1,99.64,2.57,2584,2574.7,2023-10-20
TR817098,2023-11-26,2023-11-26 10:13:05,Negotiate,政策性金融债,债券E,机构D,交易员5,机构C,交易员3,97.21,2.73,3114,3027.12,2023-11-26
TR184236,2023-09-27,2023-09-27 12:10:50,Negotiate,国债,债券B,机构C,交易员2,机构E,交易员2,96.97,4.39,9215,8935.79,2023-09-27
TR646710,2023-10-18,2023-10-18 15:57:35,Negotiate,国债,债券E,机构D,交易员5,机构C,交易员5,99.61,4.17,2737,2726.33,2023-10-18
TR758373,2023-06-13,2023-06-13 09:18:26,RFQ,国债,债券D,机构E,交易员5,机构B,交易员3,97.35,3.3,2299,2238.08,2023-06-13
TR623205,2023-04-14,2023-04-14 16:46:54,RFQ,企业债,债券C,机构D,交易员2,机构B,交易员4,102.45,2.89,4629,4742.41,2023-04-14
TR406271,2023-09-20,2023-09-20 14:26:04,RFQ,政策性金融债,债券D,机构C,交易员2,机构B,交易员3,98.33,4.83,1773,1743.39,2023-09-20
TR790759,2023-01-22,2023-01-22 16:22:52,Negotiate,国债,债券C,机构A,交易员5,机构C,交易员1,102.04,2.97,7279,7427.49,2023-01-22
TR979446,2023-04-24,2023-04-24 14:28:44,Negotiate,政策性金融债,债券B,机构D,交易员2,机构C,交易员4,102.51,3.72,7321,7504.76,2023-04-24
TR493544,2023-01-28,2023-01-28 15:40:41,Negotiate,企业债,债券A,机构A,交易员2,机构B,交易员3,95.21,2.79,6933,6600.91,2023-01-28
TR573531,2023-04-28,2023-04-28 16:58:44,RFQ,企业债,债券B,机构D,交易员1,机构A,交易员1,102.37,4.55,7257,7428.99,2023-04-28
TR328713,2023-08-28,2023-08-28 15:44:59,Negotiate,政策性金融债,债券E,机构A,交易员3,机构D,交易员4,103.72,2.85,7339,7612.01,2023-08-28
TR875033,2023-05-31,2023-05-31 12:59:47,Negotiate,政策性金融债,债券E,机构A,交易员5,机构D,交易员3,101.37,2.55,8151,8262.67,2023-05-31
TR876999,2023-03-06,2023-03-06 13:14:33,RFQ,政策性金融债,债券E,机构B,交易员1,机构C,交易员2,103.41,4.79,5462,5648.25,2023-03-06
TR707090,2023-12-07,2023-12-07 13:08:35,Negotiate,政策性金融债,债券A,机构B,交易员2,机构D,交易员3,95.62,4.42,3603,3445.19,2023-12-07
TR725034,2023-03-29,2023-03-29 12:54:30,RFQ,企业债,债券E,机构B,交易员5,机构D,交易员3,103.17,4.52,3373,3479.92,2023-03-29
TR438524,2023-12-18,2023-12-18 15:22:48,Negotiate,企业债,债券B,机构A,交易员2,机构E,交易员1,98.72,3.7,3647,3600.32,2023-12-18
TR893867,2023-10-07,2023-10-07 11:30:45,Negotiate,政策性金融债,债券C,机构B,交易员5,机构A,交易员4,100.38,3.24,9366,9401.59,2023-10-07
TR284751,2023-01-28,2023-01-28 16:23:17,RFQ,政策性金融债,债券C,机构D,交易员2,机构C,交易员4,101.42,3.33,7628,7736.32,2023-01-28
TR278075,2023-09-12,2023-09-12 13:43:57,Negotiate,企业债,债券E,机构D,交易员1,机构A,交易员3,95.61,4.9,5454,5214.57,2023-09-12
TR740458,2023-01-18,2023-01-18 12:25:44,RFQ,政策性金融债,债券B,机构C,交易员5,机构A,交易员2,103.51,4.42,1381,1429.47,2023-01-18
TR997496,2023-04-24,2023-04-24 12:39:46,RFQ,企业债,债券D,机构C,交易员4,机构D,交易员3,98.33,3.48,2159,2122.94,2023-04-24
TR873690,2023-12-13,2023-12-13 16:35:53,RFQ,国债,债券A,机构E,交易员4,机构D,交易员4,98.09,4.15,3308,3244.82,2023-12-13
TR456837,2023-04-18,2023-04-18 15:12:07,Negotiate,企业债,债券A,机构E,交易员1,机构C,交易员2,104.9,4.14,2244,2353.96,2023-04-18
TR658675,2023-08-07,2023-08-07 12:54:53,Negotiate,政策性金融债,债券C,机构E,交易员1,机构B,交易员2,97.74,2.6,6908,6751.88,2023-08-07
TR609896,2023-11-19,2023-11-19 14:59:08,RFQ,企业债,债券D,机构D,交易员1,机构E,交易员4,103.8,3.4,9916,10292.81,2023-11-19
TR982861,2023-01-10,2023-01-10 15:35:46,RFQ,企业债,债券C,机构E,交易员1,机构D,交易员3,103.49,3.56,7488,7749.33,2023-01-10
TR882934,2023-07-28,2023-07-28 15:09:55,Negotiate,国债,债券E,机构A,交易员4,机构C,交易员4,95.17,2.8,4192,3989.53,2023-07-28
TR356897,2023-02-06,2023-02-06 10:44:17,RFQ,企业债,债券B,机构D,交易员4,机构B,交易员2,99.06,4.1,8887,8803.46,2023-02-06
TR530438,2023-10-05,2023-10-05 16:01:41,RFQ,国债,债券E,机构C,交易员1,机构B,交易员3,99.64,4.34,1494,1488.62,2023-10-05
TR570555,2023-12-23,2023-12-23 09:58:57,RFQ,政策性金融债,债券B,机构C,交易员4,机构B,交易员1,99.35,4.9,5305,5270.52,2023-12-23
TR514522,2023-11-16,2023-11-16 14:51:17,Negotiate,国债,债券E,机构E,交易员1,机构A,交易员5,99.68,3.09,8307,8280.42,2023-11-16
TR192839,2023-11-29,2023-11-29 13:20:01,RFQ,政策性金融债,债券C,机构D,交易员3,机构B,交易员1,102.1,3.07,9734,9938.41,2023-11-29
TR530170,2023-10-14,2023-10-14 14:38:47,RFQ,企业债,债券A,机构E,交易员2,机构C,交易员1,97.38,4.21,4067,3960.44,2023-10-14
TR461265,2023-12-03,2023-12-03 11:20:54,RFQ,国债,债券B,机构D,交易员5,机构A,交易员4,97.66,4.69,3799,3710.1,2023-12-03
TR251421,2023-08-06,2023-08-06 13:04:27,RFQ,企业债,债券A,机构B,交易员1,机构C,交易员1,95.07,3.5,4409,4191.64,2023-08-06
TR609553,2023-12-08,2023-12-08 14:28:51,Negotiate,政策性金融债,债券A,机构A,交易员4,机构B,交易员2,102.34,3.3,1289,1319.16,2023-12-08
TR230256,2023-05-13,2023-05-13 12:47:49,Negotiate,国债,债券E,机构B,交易员3,机构D,交易员2,99.86,3.73,9459,9445.76,2023-05-13
TR494075,2023-03-22,2023-03-22 09:54:43,Negotiate,政策性金融债,债券C,机构C,交易员1,机构B,交易员4,96.16,4.73,9685,9313.1,2023-03-22
TR321089,2023-07-14,2023-07-14 13:51:06,RFQ,企业债,债券A,机构C,交易员2,机构A,交易员4,100.87,3.77,6807,6866.22,2023-07-14
TR382434,2023-07-16,2023-07-16 10:10:19,RFQ,国债,债券A,机构A,交易员3,机构E,交易员5,103.69,3.34,6832,7084.1,2023-07-16
TR699608,2023-05-09,2023-05-09 15:01:18,RFQ,国债,债券C,机构C,交易员3,机构E,交易员5,102.98,3.84,6142,6325.03,2023-05-09
TR712874,2023-12-19,2023-12-19 12:50:06,Negotiate,国债,债券D,机构A,交易员2,机构C,交易员3,102.71,4.21,5595,5746.62,2023-12-19
TR943855,2023-11-11,2023-11-11 10:03:07,Negotiate,政策性金融债,债券A,机构C,交易员2,机构B,交易员4,102.62,2.69,1732,1777.38,2023-11-11
TR522469,2023-05-06,2023-05-06 15:16:39,Negotiate,企业债,债券B,机构E,交易员3,机构B,交易员1,102.48,2.92,3780,3873.74,2023-05-06
TR975569,2023-05-10,2023-05-10 16:13:32,RFQ,国债,债券A,机构B,交易员3,机构D,交易员4,95.68,4.85,9433,9025.49,2023-05-10
TR939263,2023-03-31,2023-03-31 10:08:52,RFQ,企业债,债券C,机构B,交易员2,机构E,交易员1,97.39,2.81,2368,2306.2,2023-03-31
TR220802,2023-07-07,2023-07-07 15:46:30,Negotiate,政策性金融债,债券D,机构A,交易员3,机构B,交易员2,98.08,4.65,4521,4434.2,2023-07-07
TR100763,2023-12-30,2023-12-30 12:30:03,RFQ,国债,债券A,机构E,交易员2,机构A,交易员3,97.16,3.86,3052,2965.32,2023-12-30
TR544973,2023-05-14,2023-05-14 15:46:42,Negotiate,国债,债券B,机构C,交易员3,机构A,交易员3,104.19,2.99,7532,7847.59,2023-05-14
TR256886,2023-08-31,2023-08-31 10:20:24,Negotiate,政策性金融债,债券A,机构B,交易员5,机构D,交易员4,97.88,2.97,7055,6905.43,2023-08-31
TR729682,2023-06-04,2023-06-04 10:23:11,RFQ,政策性金融债,债券D,机构E,交易员2,机构B,交易员4,97.36,2.78,7909,7700.2,2023-06-04
TR142720,2023-12-03,2023-12-03 14:48:03,Negotiate,政策性金融债,债券D,机构E,交易员2,机构C,交易员5,103.18,4.98,5061,5221.94,2023-12-03
TR754061,2023-04-23,2023-04-23 16:58:46,RFQ,企业债,债券A,机构C,交易员2,机构B,交易员5,101.39,3.95,4095,4151.92,2023-04-23
TR300415,2023-12-07,2023-12-07 13:50:12,Negotiate,政策性金融债,债券C,机构A,交易员2,机构E,交易员2,95.06,3.62,6933,6590.51,2023-12-07
TR155276,2023-04-14,2023-04-14 16:27:03,Negotiate,国债,债券D,机构C,交易员3,机构E,交易员2,103.47,3.66,2953,3055.47,2023-04-14
TR637416,2023-05-14,2023-05-14 16:49:20,RFQ,政策性金融债,债券B,机构E,交易员4,机构A,交易员2,102.8,4.81,8195,8424.46,2023-05-14
TR532241,2023-11-29,2023-11-29 16:17:13,Negotiate,企业债,债券D,机构B,交易员3,机构A,交易员1,103.06,2.86,2378,2450.77,2023-11-29
TR341110,2023-03-06,2023-03-06 13:02:00,RFQ,企业债,债券A,机构D,交易员2,机构E,交易员5,102.38,3.22,4891,5007.41,2023-03-06
TR136519,2023-11-18,2023-11-18 10:13:09,Negotiate,企业债,债券A,机构A,交易员1,机构E,交易员2,104.94,2.53,2157,2263.56,2023-11-18
TR867811,2023-10-12,2023-10-12 16:54:54,Negotiate,国债,债券C,机构C,交易员4,机构A,交易员4,96.02,3.53,4198,4030.92,2023-10-12
TR212916,2023-11-15,2023-11-15 11:18:08,RFQ,政策性金融债,债券E,机构A,交易员2,机构D,交易员2,100.06,4.75,3571,3573.14,2023-11-15
TR992974,2023-02-11,2023-02-11 13:46:57,Negotiate,企业债,债券D,机构E,交易员5,机构C,交易员2,101.87,4.75,1919,1954.89,2023-02-11
TR948631,2023-08-14,2023-08-14 15:34:15,Negotiate,国债,债券E,机构C,交易员2,机构B,交易员2,104.16,4.07,3131,3261.25,2023-08-14
TR863076,2023-09-07,2023-09-07 09:23:29,Negotiate,企业债,债券A,机构E,交易员4,机构C,交易员1,104.74,2.66,9691,10150.35,2023-09-07
TR872531,2023-01-01,2023-01-01 13:49:38,RFQ,企业债,债券C,机构B,交易员4,机构D,交易员4,101.06,3.96,9772,9875.58,2023-01-01
TR836803,2023-06-30,2023-06-30 16:09:50,Negotiate,政策性金融债,债券C,机构C,交易员4,机构B,交易员3,100.55,3.05,9232,9282.78,2023-06-30
TR408395,2023-07-17,2023-07-17 10:48:52,RFQ,国债,债券C,机构D,交易员4,机构B,交易员1,104.28,4.24,3560,3712.37,2023-07-17
TR707069,2023-03-30,2023-03-30 14:17:46,RFQ,国债,债券A,机构D,交易员5,机构B,交易员5,101.32,4.47,6717,6805.66,2023-03-30
TR574140,2023-11-19,2023-11-19 11:28:29,Negotiate,企业债,债券B,机构B,交易员1,机构A,交易员2,97.5,3.14,8912,8689.2,2023-11-19
TR712677,2023-10-17,2023-10-17 15:42:08,Negotiate,企业债,债券A,机构B,交易员1,机构A,交易员4,95.06,2.64,4041,3841.37,2023-10-17
TR470527,2023-04-29,2023-04-29 12:49:54,Negotiate,国债,债券B,机构D,交易员2,机构B,交易员3,99.29,4.86,3022,3000.54,2023-04-29
TR301551,2023-12-08,2023-12-08 12:54:39,Negotiate,政策性金融债,债券D,机构B,交易员1,机构C,交易员3,98.11,3.56,2289,2245.74,2023-12-08
TR198514,2023-12-26,2023-12-26 15:48:00,Negotiate,政策性金融债,债券E,机构D,交易员5,机构C,交易员2,97.11,2.7,6008,5834.37,2023-12-26
TR651720,2023-02-24,2023-02-24 11:52:29,RFQ,国债,债券C,机构D,交易员4,机构A,交易员4,95.78,4.46,7643,7320.47,2023-02-24
TR822901,2023-03-07,2023-03-07 15:29:15,RFQ,企业债,债券C,机构E,交易员2,机构D,交易员4,102.92,3.99,3153,3245.07,2023-03-07
TR110549,2023-01-21,2023-01-21 10:34:47,RFQ,企业债,债券D,机构E,交易员3,机构D,交易员5,96.19,4.03,5622,5407.8,2023-01-21
TR320352,2023-08-30,2023-08-30 14:55:29,Negotiate,国债,债券E,机构D,交易员2,机构A,交易员4,104.3,3.32,3932,4101.08,2023-08-30
TR331496,2023-12-05,2023-12-05 11:31:46,RFQ,政策性金融债,债券E,机构C,交易员3,机构A,交易员1,97.73,3.27,4781,4672.47,2023-12-05
TR555807,2023-07-30,2023-07-30 16:18:33,Negotiate,企业债,债券D,机构D,交易员3,机构A,交易员5,100.84,3.79,5460,5505.86,2023-07-30
TR777555,2023-01-26,2023-01-26 11:26:06,RFQ,国债,债券B,机构E,交易员4,机构C,交易员4,101.88,4.74,2031,2069.18,2023-01-26
TR575016,2023-11-03,2023-11-03 15:35:49,Negotiate,政策性金融债,债券D,机构A,交易员1,机构C,交易员2,98.89,4.16,6621,6547.51,2023-11-03
TR966360,2023-03-23,2023-03-23 11:38:05,Negotiate,国债,债券C,机构E,交易员4,机构B,交易员1,95.15,3.66,8849,8419.82,2023-03-23
TR855165,2023-12-28,2023-12-28 11:10:31,Negotiate,企业债,债券C,机构B,交易员3,机构D,交易员3,98.29,3.21,9498,9335.58,2023-12-28
TR915132,2023-06-17,2023-06-17 14:12:53,Negotiate,企业债,债券E,机构C,交易员1,机构E,交易员5,103.37,3.77,4532,4684.73,2023-06-17
TR437675,2023-04-26,2023-04-26 12:39:20,Negotiate,国债,债券E,机构E,交易员4,机构C,交易员1,100.15,4.33,7569,7580.35,2023-04-26
TR901391,2023-06-10,2023-06-10 14:25:30,RFQ,政策性金融债,债券D,机构C,交易员5,机构D,交易员1,103.57,4.3,9101,9425.91,2023-06-10
TR837621,2023-09-30,2023-09-30 12:20:50,RFQ,政策性金融债,债券A,机构D,交易员3,机构E,交易员2,104.16,4.71,4408,4591.37,2023-09-30
TR680000,2023-06-10,2023-06-10 13:21:54,RFQ,企业债,债券D,机构A,交易员3,机构C,交易员4,95.5,4.35,3862,3688.21,2023-06-10
TR118980,2023-11-29,2023-11-29 15:30:38,Negotiate,政策性金融债,债券D,机构E,交易员1,机构B,交易员1,101.55,4.11,1768,1795.4,2023-11-29
TR263539,2023-01-30,2023-01-30 10:02:02,Negotiate,国债,债券A,机构C,交易员2,机构D,交易员4,103.45,2.87,3715,3843.17,2023-01-30
TR113839,2023-05-31,2023-05-31 16:01:51,RFQ,企业债,债券E,机构D,交易员5,机构C,交易员4,96.26,3.89,1989,1914.61,2023-05-31
TR923183,2023-02-09,2023-02-09 15:00:32,Negotiate,企业债,债券A,机构E,交易员1,机构C,交易员1,103.21,4.71,7576,7819.19,2023-02-09
TR968903,2023-11-26,2023-11-26 11:45:01,Negotiate,政策性金融债,债券E,机构E,交易员2,机构A,交易员2,96.82,3.01,7094,6868.41,2023-11-26
TR268395,2023-07-11,2023-07-11 09:40:03,RFQ,企业债,债券B,机构D,交易员4,机构A,交易员1,103.96,3.33,3210,3337.12,2023-07-11
TR264071,2023-01-28,2023-01-28 14:44:52,RFQ,企业债,债券D,机构B,交易员4,机构E,交易员1,95.63,3.56,3591,3434.07,2023-01-28
TR786615,2023-03-05,2023-03-05 11:21:56,RFQ,企业债,债券A,机构D,交易员4,机构B,交易员2,102.98,4.51,1769,1821.72,2023-03-05
TR718760,2023-01-15,2023-01-15 11:36:42,Negotiate,国债,债券D,机构E,交易员3,机构A,交易员2,103.34,2.51,3816,3943.45,2023-01-15
TR434330,2023-05-25,2023-05-25 14:55:36,RFQ,企业债,债券E,机构B,交易员1,机构D,交易员5,99.01,2.86,3144,3112.87,2023-05-25
TR238271,2023-04-26,2023-04-26 12:38:37,RFQ,企业债,债券D,机构B,交易员3,机构C,交易员1,95.77,4.5,9168,8780.19,2023-04-26
TR633554,2023-10-02,2023-10-02 12:12:42,RFQ,企业债,债券E,机构B,交易员4,机构D,交易员5,102.28,2.92,2870,2935.44,2023-10-02
TR605059,2023-07-10,2023-07-10 11:40:03,Negotiate,国债,债券B,机构D,交易员3,机构E,交易员3,95.75,3.28,4722,4521.31,2023-07-10
TR991740,2023-07-29,2023-07-29 16:22:12,RFQ,政策性金融债,债券C,机构D,交易员3,机构E,交易员1,100.74,4.0,7788,7845.63,2023-07-29
TR901199,2023-02-22,2023-02-22 12:34:09,RFQ,企业债,债券E,机构C,交易员3,机构A,交易员3,100.77,4.52,4443,4477.21,2023-02-22
TR822229,2023-03-09,2023-03-09 10:23:53,Negotiate,国债,债券C,机构A,交易员3,机构E,交易员1,96.59,3.23,2932,2832.02,2023-03-09
TR756898,2023-05-28,2023-05-28 15:41:51,RFQ,企业债,债券C,机构A,交易员3,机构D,交易员3,97.24,2.97,3561,3462.72,2023-05-28
TR486708,2023-09-04,2023-09-04 09:42:41,Negotiate,国债,债券E,机构A,交易员4,机构D,交易员3,96.44,3.14,1894,1826.57,2023-09-04
TR150446,2023-10-22,2023-10-22 13:18:16,RFQ,企业债,债券B,机构D,交易员5,机构A,交易员5,98.14,4.52,5620,5515.47,2023-10-22
TR397367,2023-12-29,2023-12-29 11:40:48,RFQ,企业债,债券E,机构E,交易员3,机构D,交易员3,96.85,3.99,1627,1575.75,2023-12-29
TR272225,2023-12-09,2023-12-09 15:40:52,RFQ,国债,债券C,机构C,交易员4,机构A,交易员4,100.61,4.46,2346,2360.31,2023-12-09
TR368835,2023-07-06,2023-07-06 14:06:34,Negotiate,企业债,债券C,机构C,交易员2,机构A,交易员3,95.98,2.7,5611,5385.44,2023-07-06
TR152219,2023-05-27,2023-05-27 12:57:07,Negotiate,政策性金融债,债券C,机构B,交易员3,机构D,交易员3,98.32,4.57,7246,7124.27,2023-05-27
TR435345,2023-09-18,2023-09-18 16:57:11,Negotiate,国债,债券A,机构E,交易员5,机构C,交易员4,101.64,2.69,9018,9165.9,2023-09-18
TR604313,2023-02-01,2023-02-01 13:31:12,RFQ,企业债,债券B,机构E,交易员3,机构A,交易员2,95.79,3.3,6105,5847.98,2023-02-01
TR257995,2023-06-01,2023-06-01 11:35:57,Negotiate,企业债,债券B,机构A,交易员3,机构B,交易员1,96.22,3.98,2957,2845.23,2023-06-01
TR756894,2023-08-12,2023-08-12 09:22:04,Negotiate,企业债,债券A,机构B,交易员3,机构D,交易员4,101.17,3.59,4143,4191.47,2023-08-12
TR378652,2023-03-04,2023-03-04 14:30:21,Negotiate,政策性金融债,债券C,机构C,交易员4,机构E,交易员3,98.17,2.95,9638,9461.62,2023-03-04
TR891104,2023-08-30,2023-08-30 13:25:25,Negotiate,企业债,债券C,机构D,交易员2,机构C,交易员2,99.06,2.69,9209,9122.44,2023-08-30
TR407050,2023-10-30,2023-10-30 10:11:23,RFQ,政策性金融债,债券C,机构B,交易员4,机构E,交易员1,103.8,3.49,2139,2220.28,2023-10-30
TR887710,2023-12-13,2023-12-13 11:04:43,RFQ,国债,债券D,机构B,交易员5,机构D,交易员2,102.03,3.09,2069,2111.0,2023-12-13
TR533660,2023-10-12,2023-10-12 09:42:43,Negotiate,企业债,债券B,机构E,交易员1,机构C,交易员3,103.34,3.73,8707,8997.81,2023-10-12
TR615926,2023-07-29,2023-07-29 13:53:54,Negotiate,企业债,债券D,机构A,交易员3,机构B,交易员3,102.28,3.99,7303,7469.51,2023-07-29
TR439723,2023-05-10,2023-05-10 12:55:56,Negotiate,国债,债券D,机构D,交易员3,机构E,交易员3,97.01,2.94,2676,2595.99,2023-05-10
TR793979,2023-12-12,2023-12-12 10:24:23,RFQ,政策性金融债,债券B,机构C,交易员2,机构A,交易员2,104.92,3.82,8627,9051.45,2023-12-12
TR989101,2023-07-16,2023-07-16 09:54:55,RFQ,政策性金融债,债券E,机构C,交易员1,机构D,交易员3,104.88,4.88,2244,2353.51,2023-07-16
TR312249,2023-07-17,2023-07-17 16:58:57,RFQ,政策性金融债,债券D,机构E,交易员5,机构A,交易员2,95.34,4.79,4789,4565.83,2023-07-17
TR171691,2023-12-14,2023-12-14 14:41:05,Negotiate,企业债,债券E,机构C,交易员4,机构D,交易员5,95.84,3.51,8929,8557.55,2023-12-14
TR644700,2023-05-11,2023-05-11 09:47:37,Negotiate,国债,债券A,机构B,交易员5,机构A,交易员3,96.11,4.11,8100,7784.91,2023-05-11
TR502589,2023-10-24,2023-10-24 11:44:18,RFQ,企业债,债券B,机构C,交易员3,机构B,交易员2,104.58,2.95,9415,9846.21,2023-10-24
TR867727,2023-05-23,2023-05-23 12:14:49,Negotiate,政策性金融债,债券E,机构D,交易员3,机构E,交易员3,96.74,2.96,2176,2105.06,2023-05-23
TR947275,2023-12-03,2023-12-03 14:37:34,RFQ,国债,债券E,机构A,交易员5,机构E,交易员5,95.77,4.43,9789,9374.93,2023-12-03
TR591895,2023-03-07,2023-03-07 11:58:15,Negotiate,国债,债券D,机构B,交易员5,机构A,交易员4,95.73,3.59,6546,6266.49,2023-03-07
TR940222,2023-02-16,2023-02-16 14:18:18,Negotiate,政策性金融债,债券A,机构C,交易员1,机构A,交易员4,102.59,2.88,6618,6789.41,2023-02-16
TR614688,2023-07-06,2023-07-06 13:36:57,Negotiate,企业债,债券A,机构C,交易员3,机构E,交易员1,100.19,4.92,1847,1850.51,2023-07-06
TR627268,2023-06-17,2023-06-17 12:57:39,Negotiate,企业债,债券E,机构E,交易员1,机构D,交易员5,100.36,3.12,9968,10003.88,2023-06-17
TR558699,2023-12-15,2023-12-15 13:46:31,Negotiate,企业债,债券C,机构C,交易员1,机构D,交易员3,99.73,3.68,3401,3391.82,2023-12-15
TR324954,2023-11-07,2023-11-07 15:34:54,Negotiate,政策性金融债,债券E,机构A,交易员3,机构B,交易员5,103.61,2.64,4412,4571.27,2023-11-07
TR830769,2023-07-23,2023-07-23 14:57:33,RFQ,政策性金融债,债券A,机构B,交易员5,机构A,交易员2,101.58,2.91,7014,7124.82,2023-07-23
TR251318,2023-09-14,2023-09-14 10:42:38,RFQ,企业债,债券E,机构B,交易员2,机构D,交易员5,97.45,4.56,1580,1539.71,2023-09-14
TR821989,2023-08-30,2023-08-30 10:33:34,RFQ,政策性金融债,债券A,机构B,交易员1,机构A,交易员2,100.4,4.17,1042,1046.17,2023-08-30
TR384428,2023-02-24,2023-02-24 14:38:49,RFQ,政策性金融债,债券A,机构C,交易员4,机构A,交易员2,96.83,3.45,7797,7549.84,2023-02-24
TR285200,2023-01-02,2023-01-02 13:48:40,Negotiate,政策性金融债,债券A,机构C,交易员4,机构B,交易员2,101.28,4.54,7288,7381.29,2023-01-02
TR346660,2023-10-13,2023-10-13 09:31:25,Negotiate,政策性金融债,债券E,机构C,交易员5,机构E,交易员2,103.34,4.92,7743,8001.62,2023-10-13
TR652187,2023-09-04,2023-09-04 13:30:38,RFQ,国债,债券D,机构E,交易员5,机构C,交易员4,95.56,3.65,7924,7572.17,2023-09-04
TR447378,2023-10-14,2023-10-14 14:13:07,Negotiate,政策性金融债,债券A,机构C,交易员2,机构B,交易员1,97.52,3.09,3316,3233.76,2023-10-14
TR357031,2023-11-26,2023-11-26 11:20:02,Negotiate,企业债,债券D,机构E,交易员1,机构C,交易员3,102.02,4.99,9371,9560.29,2023-11-26
TR502870,2023-09-26,2023-09-26 10:39:06,RFQ,政策性金融债,债券D,机构B,交易员1,机构A,交易员3,95.02,3.5,4757,4520.1,2023-09-26
TR232510,2023-07-28,2023-07-28 11:27:52,RFQ,政策性金融债,债券A,机构D,交易员2,机构C,交易员4,98.69,3.97,5155,5087.47,2023-07-28
TR372942,2023-12-11,2023-12-11 13:23:42,Negotiate,企业债,债券A,机构B,交易员2,机构D,交易员4,103.79,3.03,1754,1820.48,2023-12-11
TR332115,2023-10-01,2023-10-01 12:01:21,RFQ,企业债,债券E,机构E,交易员2,机构C,交易员3,97.69,4.89,2231,2179.46,2023-10-01
TR760800,2023-02-05,2023-02-05 09:41:29,RFQ,企业债,债券C,机构A,交易员3,机构D,交易员2,100.76,4.27,5296,5336.25,2023-02-05
TR956074,2023-10-27,2023-10-27 13:41:38,Negotiate,企业债,债券A,机构D,交易员1,机构B,交易员1,98.42,3.2,8124,7995.64,2023-10-27
TR846511,2023-08-02,2023-08-02 09:51:07,Negotiate,企业债,债券D,机构B,交易员4,机构D,交易员4,101.62,4.72,2284,2321.0,2023-08-02
TR164740,2023-08-02,2023-08-02 09:35:24,Negotiate,政策性金融债,债券C,机构E,交易员2,机构D,交易员3,98.76,3.49,7175,7086.03,2023-08-02
TR582356,2023-11-15,2023-11-15 15:30:00,Negotiate,企业债,债券A,机构E,交易员5,机构D,交易员1,102.96,3.0,9086,9354.95,2023-11-15
TR787413,2023-07-26,2023-07-26 13:31:27,RFQ,政策性金融债,债券B,机构E,交易员5,机构B,交易员1,101.97,4.36,7580,7729.33,2023-07-26
TR994856,2023-04-03,2023-04-03 09:28:54,RFQ,企业债,债券C,机构A,交易员2,机构C,交易员1,103.17,4.78,8406,8672.47,2023-04-03
TR538937,2023-02-18,2023-02-18 11:45:32,RFQ,政策性金融债,债券A,机构A,交易员2,机构E,交易员2,100.67,4.56,8622,8679.77,2023-02-18
TR238893,2023-01-30,2023-01-30 10:17:52,RFQ,企业债,债券C,机构D,交易员4,机构B,交易员4,95.5,4.52,3817,3645.24,2023-01-30
TR510134,2023-10-03,2023-10-03 09:11:22,RFQ,政策性金融债,债券E,机构E,交易员4,机构C,交易员1,103.0,4.44,9620,9908.6,2023-10-03
TR870072,2023-02-16,2023-02-16 12:14:14,RFQ,政策性金融债,债券D,机构B,交易员1,机构C,交易员4,103.78,3.65,7299,7574.9,2023-02-16
TR139574,2023-10-21,2023-10-21 12:24:26,Negotiate,国债,债券D,机构D,交易员3,机构B,交易员4,100.3,2.94,7668,7691.0,2023-10-21
TR350848,2023-06-07,2023-06-07 09:53:24,Negotiate,国债,债券E,机构C,交易员1,机构E,交易员2,97.08,3.42,3694,3586.14,2023-06-07
TR383118,2023-02-10,2023-02-10 13:50:35,Negotiate,政策性金融债,债券A,机构C,交易员4,机构A,交易员5,101.65,3.25,7905,8035.43,2023-02-10
TR372825,2023-12-20,2023-12-20 11:56:00,RFQ,政策性金融债,债券A,机构E,交易员3,机构C,交易员1,100.98,3.38,3131,3161.68,2023-12-20
TR852682,2023-03-23,2023-03-23 10:32:48,RFQ,企业债,债券E,机构B,交易员3,机构D,交易员1,95.19,4.73,8584,8171.11,2023-03-23
TR156342,2023-05-28,2023-05-28 12:09:36,Negotiate,政策性金融债,债券B,机构C,交易员4,机构D,交易员2,95.2,4.08,8067,7679.78,2023-05-28
TR190839,2023-04-07,2023-04-07 09:01:41,RFQ,国债,债券A,机构C,交易员2,机构B,交易员3,98.73,3.25,2201,2173.05,2023-04-07
TR581901,2023-07-28,2023-07-28 14:11:33,RFQ,国债,债券B,机构A,交易员2,机构E,交易员2,100.48,3.69,3516,3532.88,2023-07-28
TR148681,2023-03-13,2023-03-13 11:03:44,RFQ,政策性金融债,债券E,机构B,交易员2,机构C,交易员4,98.67,4.43,5373,5301.54,2023-03-13
TR197791,2023-01-22,2023-01-22 10:10:11,Negotiate,国债,债券C,机构E,交易员2,机构C,交易员3,100.39,3.0,8843,8877.49,2023-01-22
TR703845,2023-10-25,2023-10-25 16:56:26,Negotiate,政策性金融债,债券E,机构B,交易员5,机构D,交易员5,102.85,2.55,2600,2674.1,2023-10-25
TR502116,2023-10-15,2023-10-15 09:30:06,Negotiate,国债,债券A,机构A,交易员2,机构D,交易员3,104.23,2.92,7630,7952.75,2023-10-15
TR250769,2023-11-12,2023-11-12 10:04:28,Negotiate,政策性金融债,债券E,机构B,交易员3,机构D,交易员1,104.46,4.52,3778,3946.5,2023-11-12
TR488337,2023-01-20,2023-01-20 12:33:43,Negotiate,企业债,债券B,机构C,交易员2,机构A,交易员1,98.9,3.29,9574,9468.69,2023-01-20
TR951535,2023-08-18,2023-08-18 11:36:14,Negotiate,企业债,债券D,机构E,交易员3,机构A,交易员3,100.36,2.58,9672,9706.82,2023-08-18
TR125876,2023-01-15,2023-01-15 09:14:54,RFQ,企业债,债券E,机构C,交易员3,机构B,交易员2,99.72,3.49,3775,3764.43,2023-01-15
TR896916,2023-03-17,2023-03-17 16:52:02,Negotiate,政策性金融债,债券D,机构A,交易员4,机构C,交易员2,104.9,4.58,5481,5749.57,2023-03-17
TR758204,2023-02-18,2023-02-18 12:45:21,Negotiate,国债,债券A,机构A,交易员1,机构B,交易员4,102.73,2.75,2523,2591.88,2023-02-18
TR866066,2023-09-10,2023-09-10 13:18:53,RFQ,企业债,债券C,机构D,交易员1,机构C,交易员1,96.13,2.8,2151,2067.76,2023-09-10
TR726539,2023-03-11,2023-03-11 12:08:18,RFQ,国债,债券A,机构C,交易员4,机构E,交易员2,101.79,4.52,1842,1874.97,2023-03-11
TR655925,2023-01-04,2023-01-04 09:56:18,Negotiate,政策性金融债,债券D,机构E,交易员5,机构B,交易员1,96.25,3.58,5218,5022.32,2023-01-04
TR986798,2023-02-07,2023-02-07 10:36:54,Negotiate,国债,债券A,机构D,交易员4,机构E,交易员4,102.42,4.24,3476,3560.12,2023-02-07
TR489339,2023-12-10,2023-12-10 15:49:48,RFQ,国债,债券E,机构A,交易员2,机构B,交易员2,96.95,4.4,6229,6039.02,2023-12-10
TR919487,2023-04-10,2023-04-10 15:48:35,Negotiate,政策性金融债,债券D,机构D,交易员2,机构A,交易员5,96.15,2.86,5901,5673.81,2023-04-10
TR501022,2023-11-15,2023-11-15 10:45:21,Negotiate,国债,债券C,机构E,交易员1,机构D,交易员3,102.82,4.7,2682,2757.63,2023-11-15
TR978134,2023-05-23,2023-05-23 10:20:17,Negotiate,国债,债券A,机构A,交易员4,机构E,交易员2,103.48,4.14,4185,4330.64,2023-05-23
TR419419,2023-09-16,2023-09-16 12:25:57,Negotiate,政策性金融债,债券E,机构C,交易员3,机构A,交易员4,97.18,4.64,4506,4378.93,2023-09-16
TR624860,2023-12-27,2023-12-27 12:17:43,Negotiate,政策性金融债,债券D,机构E,交易员4,机构B,交易员5,96.79,2.82,6100,5904.19,2023-12-27
